3100 5250
425 487 476 552 IN
498 484 662 552 JUVEN.
688 484 787 550 SAT.
812 486 856 549 X.
1158 490 1218 549 451

107 680 186 737 Burm-
205 668 244 728 arl
266 665 363 725 Valer.
385 663 431 722 Fl.
452 663 523 734 VII,
549 664 619 723 648.
645 676 676 722 et
702 663 740 721 ad
762 660 887 735 Quintil.
912 660 1033 719 declam.
1056 661 1129 732 XII,
1151 658 1214 739 26.)

101 778 209 854 putante
222 766 353 833 Hectore,
369 763 429 822 filio
441 764 568 822 maximo
578 773 659 832 natu,
674 761 855 839 etfrotribus
869 760 941 839 ejus.
984 762 1100 818 Funera
1114 760 1216 820 hume·

103 877 135 933 ris
145 884 173 933 et
184 880 299 949 patrum
314 886 463 944 corporae
476 865 542 925 filiis
556 864 665 942 portari
679 864 811 923 solebant
819 885 828 932 ;
851 861 961 939 Grang.
976 860 1041 920 coll.
1058 860 1132 919 Plin.
1144 862 1187 919 VI
1192 863 1216 928 1,

103 972 265 1040 11111111,
282 978 309 1029 s.
324 962 403 1028 sau
417 970 497 1046 Aug.
516 948 587 1026 ¹100.
609 965 707 1024 vuer.
733 966 812 1022 uas.
836 963 999 1033 111111.
1041 966 1089 1024 oe
1112 964 1216 1022 Priami
1239 1030 1244 1037 ,

101 1081 158 1140 filiis
168 1089 195 1136 et
206 1075 321 1133 filiabus
337 1093 365 1130 v.
380 1071 519 1149 Apollod.
534 1070 594 1139 Ill,
612 1078 659 1137 12,
675 1075 701 1127 5.
717 1068 816 1146 ibique
834 1068 946 1143 Heyne.
961 1066 1217 1127 -26111110110-
1249 1058 1254 1071 ’

101 1177 340 1246 0101101161161101,
363 1187 562 1233 matronarum
583 1172 787 1251 Trojanarum,
809 1170 898 1231 funus
918 1172 1155 1248 prosequentium
1176 1170 1218 1230 la·

101 1280 200 1347 mentis,
212 1276 336 1345 ululatu,
351 1273 522 1353 ploratibus,
536 1272 639 1331 naeniis
653 1282 683 1330 et
691 1270 820 1350 planctu,
842 1270 893 1347 qui
914 1278 1072 1347 perpetuus
1094 1282 1137 1331 est
1156 1293 1219 1331 mos

100 1389 259 1439 etveterum
270 1386 299 1435 et
311 1377 502 1434 barbarorum
516 1372 702 1451 populorum.
735 1371 781 1429 cf.
796 1370 880 1448 Virg.
896 1372 964 1429 AEn.
981 1370 1036 1441 XI,
1050 1379 1096 1431 35.
1178 1382 1218 1441 ut,

100 1481 180 1537 itaut.
271 1476 379 1555 primos
391 1474 472 1533 edere
483 1473 623 1552 muretus,
641 1489 723 1529 more
735 1470 928 1548 praeficarum,
944 1490 1010 1548 quae
1024 1469 1137 1529 luctum
1157 1493 1219 1530 mo-

100 1576 213 1652 dumque
235 1571 395 1651 plaugendi
414 1592 450 1631 sc
469 1569 646 1630 lamentandi
669 1568 772 1629 ceteris
793 1567 909 1627 feminis
932 1568 1083 1645 proeibant.
1097 1602 1139 1616 -
1151 1569 1219 1629 262.

102 1677 251 1737 60110116νο
271 1687 301 1736 et
320 1676 463 1756 Polyxena
484 1675 551 1733 ffliae
572 1674 687 1733 Priami.
799 1670 885 1730 Pullo
901 1670 953 1730 Gr.
974 1672 1079 1742 πέπλος,
1102 1673 1220 1743 mantel,

100 1794 186 1853 propr.
196 1774 287 1853 Angl.
300 1775 391 1849 alturul
403 1785 434 1834 et
446 1774 565 1853 quidem
579 1772 761 1851 geminatum
775 1768 822 1829 vel
835 1769 1022 1849 triplicatum.
1046 1771 1088 1848 (v.
1105 1770 1219 1831 Ferret.

99 1872 168 1929 dere
179 1884 251 1931 vest.
268 1873 292 1941 I,
308 1881 336 1945 3,
355 1879 400 1934 18.
420 1874 500 1931 etin
521 1872 607 1931 Anal.
622 1892 652 1949 p.
668 1877 716 1929 81.
736 1869 880 1945 Bouigeri
901 1869 1007 1928 Sabina
1026 1891 1055 1949 p.
1071 1878 1139 1940 397.
1162 1870 1221 1930 416

100 1994 145 2051 aeq.
157 1985 185 2033 et
199 1975 271 2033 XX.
286 1975 332 2035 ed.
346 1977 405 2053 pr.)
488 1973 573 2033 scisso
583 1973 683 2050 pullu:
706 1991 773 2028 nam
790 1972 819 2027 in
838 1970 921 2029 luctu
934 1982 963 2029 et
976 1992 1085 2049 pompa
1105 1974 1222 2033 funebri

101 2088 176 2135 restes
198 2077 297 2137 scindi
318 2077 457 2135 solebant.
477 2095 505 2131 v.
519 2063 633 2132 Ferrar.
647 2074 668 2131 l.
682 2072 704 2135 l.
753 2070 823 2131 263.
838 2080 958 2149 tempore
979 2073 1094 2144 diuerso,
1117 2076 1174 2134 alio
1194 2088 1223 2135 et

99 2174 203 2251 quidem
219 2173 323 2251 priori,
337 2192 391 2251 quo
404 2192 467 2240 nou,
480 2171 621 2257 nondum,
636 2170 727 2231 Puris
739 2168 854 2228 caunas
873 2177 993 2246 cuperat
1012 2171 1154 2248 edificare
1173 2192 1224 2231 arr-

100 2278 173 2347 drur,
197 2277 232 2333 h.
248 2296 275 2335 e.
295 2275 400 2346 audax,
420 2274 612 2353 navigaturus
620 2294 665 2350 so.
678 2286 709 2332 et
721 2285 859 2351 rapturus
882 2272 1026 2333 Helenam
1037 2295 1047 2345 ;
1069 2286 1225 2355 autequam

100 2380 209 2456 patriam
226 2376 347 2437 vidisset
360 2398 498 2438 eversam.

129 2475 193 2537 265.
209 2474 314 2554 Longo
328 2474 396 2544 dies,
412 2475 481 2545 vita,
496 2476 565 2554 quid
578 2476 724 2535 commodi
738 2476 859 2546 cuntulit,
875 2478 1009 2555 preastitit
1021 2479 1145 2549 Priamo,
1155 2478 1227 2558 quirl

98 2579 198 2656 profuit
211 2578 260 2638 ei?
304 2576 363 2638 265
377 2598 438 2658 seq.
452 2579 536 2637 Conf.
552 2599 652 2640 versus
670 2579 758 2646 Ennii
772 2601 818 2660 ap.
831 2582 890 2642 Cle.
908 2580 994 2640 Tusc.
1010 2581 1069 2656 Qu.
1086 2582 1110 2653 I,
1128 2591 1177 2644 35.
1198 2594 1228 2643 et
1253 2610 1256 2619 ⁴

99 2680 174 2759 Virg.
191 2682 256 2740 AEn.
273 2681 314 2750 II,
330 2687 389 2740 554
404 2702 465 2760 seq.
559 2682 657 2740 Asiam
678 2683 826 2760 propriam
847 2705 868 2742 s.
890 2685 1043 2757 minorem,
1065 2699 1094 2746 et
1107 2687 1227 2766 quidem
1292 2717 1295 2726 .

97 2780 125 2837 h.
138 2779 159 2836 l
173 2780 236 2858 ejus
246 2781 357 2858 partem
373 2781 613 2852 florentissImam‚
636 2783 792 2854 Troadem,
814 2805 879 2862 quae
894 2785 1000 2843 Priami
1016 2786 1138 2865 imperio
1159 2791 1227 2847 snb-

94 2864 263 2956 jecueru.
291 2879 374 2938 conf.
395 2879 477 2957 Virg.
500 2881 568 2939 nn.
586 2881 628 2949 11,
644 2889 714 2947 557.
728 2883 830 2962 tuque
845 2886 959 2960 neyne.
1002 2884 1077 2942 naec
1098 2887 1228 2963 pusunae
1277 2891 1278 2896 ‘

98 2993 124 3039 et
135 2981 286 3059 praesentis
299 2983 424 3044 fortunae
445 2984 622 3061 comparatio
638 2984 769 3043 multum
790 2986 927 3046 valetud
948 2987 1229 3048 commiserationem
1349 2997 1353 3006 '

101 3081 264 3144 fruendam.

135 3185 302 3254 267-270.
323 3187 367 3246 cf.
381 3189 499 3248 omnino
513 3189 597 3265 Virg.
613 3191 679 3249 AEu.
698 3189 738 3258 II,
755 3189 925 3250 506-558.
946 3191 1045 3270 ibique
1067 3191 1175 3270 Heyue
1197 3193 1228 3252 in

102 3284 167 3344 Ere.
179 3287 236 3345 xl.
248 3287 286 3346 de
300 3289 408 3348 Priami
421 3309 502 3348 nece.
587 3289 667 3347 Tuae
681 3289 758 3348 miles
770 3288 905 3348 truantur
921 3288 1009 3359 senio,
1026 3289 1166 3360 Priamus,
1181 3313 1230 3350 ar·

105 3404 146 3441 1110
158 3386 226 3456 tulit,
247 3387 328 3466 cepit
340 3400 370 3446 et
383 3387 488 3457 induit,
514 3397 548 3446 ut
568 3386 712 3465 impeturn
734 3385 906 3446 Graecorum
926 3387 1118 3466 propulsaret,
1136 3391 1229 3468 posito

103 3483 182 3554 tiara,
195 3485 293 3559 Iasus,
306 3487 477 3557 diademate,
492 3487 574 3565 regio
588 3485 705 3564 insigni,
728 3486 770 3563 (v.
785 3484 822 3544 ad
838 3485 892 3556 VI,
909 3486 992 3564 516.)
1015 3495 1041 3546 et
1055 3489 1121 3556 ruit,
1138 3489 1231 3569 juga.

102 3580 201 3644 lutosa
215 3585 417 3664 Neoptolemo,
439 3595 503 3645 aute
522 3605 603 3657 oram
623 3586 704 3646 Jouis
718 3585 837 3651 Hercei,
862 3588 977 3666 Ἑρκείου.
1019 3589 1064 3646 Cf.
1080 3589 1162 3667 Virg.
1177 3590 1196 3647 l.
1212 3591 1237 3650 I.v

102 3703 128 3741 v.
142 3693 199 3757 509
212 3709 274 3767 seq.
288 3699 318 3748 et
332 3689 439 3768 Heyne
452 3689 472 3746 l.
487 3710 512 3748 e.
526 3724 568 3738 -
581 3689 752 3755 268-270.
774 3689 962 3766 Comparatio
975 3691 1124 3770 aptissima
1145 3706 1175 3752 et
1195 3693 1233 3750 nd

102 3785 308 3847 miserationem
323 3789 442 3867 egregie
455 3801 621 3868 comparata
631 3811 640 3860 ς
661 3789 786 3867 simplex
799 3799 897 3848 tamen
918 3802 948 3849 et
967 3791 1063 3860 obvia,
1085 3791 1123 3851 ad
1144 3813 1233 3870 quam

103 3887 205 3945 mentio
217 3906 281 3945 uroe
293 3887 378 3946 facile
392 3888 499 3948 ducere
519 3899 648 3966 poterat.
660 3889 721 3947 ruit
733 3899 801 3948 ante
815 3908 903 3958 aram,
925 3897 956 3946 ut
969 3889 1076 3948 vetulus
1089 3890 1146 3959 bos,
1166 3910 1234 3968 gra-

102 3985 162 4046 vius
173 4001 278 4050 sonant
291 3989 341 4049 illa
355 3991 439 4070 Virg.
452 3993 521 4052 AEn.
538 3991 574 4060 V,
590 3998 658 4050 481.
675 3991 818 4050 Sternitur
832 3991 1018 4071 exanimisque
1032 3999 1150 4050 tremens
1166 4013 1235 4070 praa

101 4088 196 4147 cambit
209 4089 369 4157 11101116οκ
393 4090 468 4150 Ach.
521 4097 590 4156 270.
602 4091 668 4169 jum
681 4090 844 4169 fastiditus,
869 4102 1042 4161 contemtus,
1065 4091 1101 4149 ab
1124 4091 1235 4171 ingrato

100 4195 203 4262 aratro,
215 4188 246 4246 11.
260 4209 288 4247 e.
301 4189 438 4268 agricola,
452 4190 504 4268 qui
517 4191 623 4249 bovem
632 4190 696 4268 jam
710 4192 749 4250 ob
765 4191 878 4250 aenium
893 4191 1002 4252 arando
1010 4189 1148 4251 inutilem
1157 4211 1234 4252 mac-

101 4300 147 4358 tat,
162 4276 317 4350 immemor
330 4303 375 4352 tot
387 4291 521 4351 laborum
535 4292 763 4372 officiorumque,
779 4315 846 4372 quae
857 4293 905 4353 ille
919 4293 1063 4373 praestitit.

136 4401 211 4460 271.
225 4401 294 4454 272.
309 4395 413 4453 Eeitus
425 4405 522 4454 tamen
537 4394 594 4466 ille,
609 4415 686 4455 mors
697 4407 727 4456 et
739 4407 869 4457 extrema
888 4397 948 4456 fata
963 4380 1072 4455 Priami
1089 4397 1172 4457 fuere
1192 4409 1235 4458 ut·

103 4507 222 4569 ctuqrre,
236 4493 464 4573 quodammodo,
478 4496 696 4568 honorumue,
710 4516 769 4557 non
784 4497 898 4566 belluae,
914 4507 947 4557 ut
960 4517 1038 4557 mors
1052 4499 1148 4557 aroris
1161 4499 1235 4578 ejus,
