3100 5250
437 412 488 477 IN
510 412 675 481 JUVEN.
699 414 801 483 SAT.
827 414 873 479 X.
1160 418 1224 479 trs

105 590 206 652 radetur
213 608 225 659 ;
256 584 316 645 nisi
344 584 502 647 credideris
526 586 673 668 designari
695 586 726 645 lt.
748 586 771 647 Ι.
792 587 932 648 eodooem
954 587 1118 661 Persarum,
1142 608 1225 669 quoa,

103 712 182 773 qoam
194 689 280 750 navia
294 687 454 759 rumim,
469 703 529 767 qoa
549 689 661 753 Xerxes
681 688 848 760 veheretur,
870 690 909 749 ob
934 688 1055 750 nimiam
1076 699 1228 750 vectorum
1253 670 1256 679 ’

101 790 310 855 multitudinem
323 790 524 852 vehementius
536 802 710 873 tempestate
716 792 886 872 jactaretur,
900 802 1007 871 rogatu
1020 792 1099 871 regis
1108 792 1140 852 in
1148 812 1229 853 mare

100 895 239 968 daailiiase,
252 894 375 955 fuemnt
389 894 441 973 qui
450 895 607 957 traderent
621 916 650 955 v.
669 895 812 955 Herodot
827 896 917 965 VIII,
934 901 1000 955 118.
1017 902 1083 965 119.
1096 928 1139 945 -ι
1160 902 1228 963 187.

103 1000 162 1059 Hos
172 1009 203 1059 et
215 995 387 1077 hujusmodi
403 1018 504 1077 ponas
516 997 604 1069 toties,
617 998 715 1069 nimia,
729 1006 825 1078 optato
842 997 944 1077 glorio,
959 996 1050 1057 nimia
1061 996 1164 1077 glorie
1176 1016 1229 1059 eu·

101 1098 209 1180 piditas,
220 1095 311 1175 augit
326 1117 346 1155 a
358 1095 466 1169 Xerxe,
480 1096 528 1156 vel
547 1098 648 1178 potius
660 1098 790 1180 ἀορίστοις,
811 1099 849 1157 ab
868 1096 1028 1158 ambitiosis
1047 1096 1164 1176 exigere
1184 1116 1230 1157 ao·

102 1202 158 1261 let:
176 1201 223 1262 ‚sie
245 1197 336 1259 nimia
357 1198 478 1258 ambitio
499 1198 606 1278 punire
628 1210 660 1260 et
682 1199 809 1285 affligere
830 1198 906 1261 solet
923 1198 1066 1272 homines,
1088 1198 1118 1257 Ir.
1141 1218 1166 1257 e.
1188 1198 1230 1259 ita

101 1298 222 1358 homines
237 1296 383 1357 ambition'
398 1295 498 1375 puniri
512 1296 607 1359 solent
621 1308 743 1377 propter
755 1294 909 1357 stultitiam
929 1316 1012 1357 suam
1026 1306 1056 1357 et
1068 1295 1230 1357 calamitate

101 1399 179 1477 diligi
186 1421 197 1469 ς
216 1409 255 1459 ut
266 1397 427 1468 Hannibal,
442 1398 792 1459 AlexanderetXerxes
1316 1390 1319 1402 '

137 1502 301 1557 188-288.
323 1496 393 1585 lion
414 1497 513 1557 minus
533 1497 624 1558 stulta
646 1508 716 1558 sunt
737 1507 806 1559 vota
829 1516 940 1567 eorum,
964 1497 1017 1577 qui
1036 1496 1156 1577 longam
1176 1496 1232 1559 eibi

100 1610 232 1679 exoptant
245 1600 344 1659 vitam.
386 1599 550 1661 senectutis
568 1600 755 1662 incommoda
773 1620 856 1661 more
875 1620 929 1661 suo
942 1600 1017 1662 vivis
1029 1610 1116 1680 poeta
1129 1600 1233 1660 aduam

103 1702 163 1759 brat
173 1698 328 1769 eolorrlsus,
341 1698 440 1759 forsan
452 1700 542 1760 taedio
561 1702 721 1772 confectus,
743 1720 837 1780 quum
850 1699 913 1779 ipse
926 1720 961 1759 ea
974 1701 1101 1760 sentiret.
1142 1699 1163 1759 J
1165 1718 1233 1759 uve·

104 1816 152 1856 nes
162 1806 331 1876 oomparent
351 1796 566 1857 Lueian.1lial
581 1798 670 1859 Mort
685 1796 742 1870 VI,
757 1806 786 1860 2.
807 1798 862 1877 (ris
880 1796 1027 1881 iaipyngor,
1052 1798 1152 1864 litarat
1172 1801 1234 1877 epta

101 1899 243 1966 inlusoris
254 1897 359 1979 ἔχοντα,
376 1902 454 1979 μόγις
466 1900 568 1981 igisrru,
582 1900 692 1967 sitisset
705 1900 815 1981 τέτρασιν
825 1901 1001 1979 ἐπικεκυφότα,
1017 1896 1122 1983 κορύζης
1134 1899 1179 1973 μὲν
1191 1900 1235 1968 rsit

101 2003 153 2081 ῥῖνα,
164 2000 257 2072 λήμης
272 2002 297 2061 di
307 2003 364 2069 rsit
373 2003 520 2080 tptaauola
532 2004 620 2073 usaria
632 2002 701 2073 ino,
721 2003 787 2059 stlta
804 2000 842 2060 's'rr
862 2003 908 2070 isid
926 2004 1021 2075 eldiro,
1038 2000 1163 2083 ipodaeuxdv
1182 2024 1236 2061 τινα

101 2104 174 2179 τάφον,
199 2105 253 2161 isari
277 2103 325 2161 raia
347 2101 401 2161 rius
417 2104 643 2181 καταγελώμενοι)
668 2102 841 2161 Maximiani
861 2100 946 2181 Eleg.
969 2104 993 2161 Ι.
1010 2104 1042 2161 in
1055 2103 1235 2187 Wernsdorf.

102 2204 168 2265 Post
182 2204 258 2263 Lat.
271 2203 342 2261 min.
356 2202 393 2259 T.
407 2203 464 2262 VI.
476 2223 506 2281 p.
524 2202 584 2273 269
598 2223 657 2281 seq.
679 2202 755 2261 Plio.
775 2202 850 2269 VII,
872 2208 921 2261 50.
941 2212 972 2259 et
989 2203 1094 2259 Horat
1108 2204 1146 2261 A.
1161 2205 1195 2263 P.
1208 2222 1236 2261 v.

104 2303 149 2373 169
160 2323 228 2382 seq.
243 2301 296 2361 sed
309 2313 340 2362 et
352 2322 397 2375 ea,
410 2324 478 2382 quas
491 2314 592 2364 eontra
606 2302 768 2384 disputavit
781 2304 884 2363 Cioero
897 2304 929 2363 in
944 2302 1056 2363 Catone
1068 2303 1189 2383 majore.
1198 2340 1239 2355 -

103 2412 158 2474 189.
172 2402 247 2463 Hoo
260 2402 355 2475 solum,
374 2414 526 2489 tamquam
544 2424 695 2464 summum
714 2406 837 2473 bonum,
861 2412 943 2484 optas
961 2424 1085 2483 orasque
1108 2414 1139 2464 et
1158 2415 1239 2479 recto,

101 2519 198 2577 ereeto,
213 2504 304 2575 ouda,
318 2514 344 2565 et
353 2505 490 2586 pallidus,
503 2507 534 2566 h.
547 2528 573 2566 e
592 2518 622 2567 et
634 2506 720 2567 laetus
734 2516 764 2565 et
779 2506 878 2578 tristis,
897 2506 944 2567 vel
957 2518 988 2568 et
1001 2528 1089 2568 sanus
1103 2520 1133 2569 et
1146 2528 1240 2589 aegro-

103 2617 163 2667 tus:
182 2626 257 2667 nam
278 2602 340 2666 leti
359 2626 395 2666 ae
417 2605 479 2666 sani
499 2605 617 2666 vultum
636 2604 787 2677 adtollere,
811 2606 908 2667 tristes
927 2616 958 2667 et
970 2607 1074 2686 egroti
1087 2606 1241 2670 demittere
1266 2656 1271 2674 .

101 2705 201 2766 solent.
242 2704 339 2764 Possis
362 2715 393 2765 et
417 2725 582 2786 exponere:
604 2705 667 2764 aine
687 2715 718 2765 et
737 2725 807 2765 eum
827 2705 939 2784 pudore
959 2725 994 2765 ae
1013 2717 1113 2780 metu;
1138 2710 1181 2788 (v.
1201 2709 1240 2768 ad

102 2803 160 2874 v1,
174 2803 254 2881 401.)
274 2801 354 2882 quod
375 2812 476 2863 tamen
494 2805 593 2863 minus
607 2805 698 2864 verbo
710 2811 808 2883 optare
821 2802 966 2864 convenit
1007 2803 1138 2876 Quidam
1149 2805 1240 2866 inter-

104 2915 270 2984 pretantur:
289 2915 364 2966 reato
382 2905 469 2978 ouda,
492 2916 603 2986 aperte,
627 2925 688 2965 non
708 2904 794 2977 clam,
817 2905 956 2985 quiahoc
968 2925 1051 2966 orare
1062 2926 1124 2966 non
1137 2907 1240 2987 pudet,

105 3008 155 3086 (ef.
168 3008 247 3067 Pera
264 3008 307 3079 11,
322 3016 340 3068 8
355 3010 431 3087 seq.)
450 3017 479 3067 ot
493 3007 623 3121 pallidus
642 3027 706 3087 prae
717 3007 810 3068 nimio
823 3017 888 3068 tum
906 3007 1061 3078 desiderio,
1081 3019 1147 3068 tum
1160 3019 1242 3070 metu
1357 3047 1359 3054 ·

106 3125 161 3166 non
172 3107 336 3178 obtinendi,
350 3108 431 3187 quod
443 3106 548 3176 anxius
560 3107 696 3188 preearis.

143 3210 197 3280 191
214 3231 278 3291 seq.
298 3211 412 3281 Tristis,
433 3211 486 3271 sed
504 3220 574 3290 apta
586 3211 744 3272 senectutis
757 3211 864 3290 imago
922 3217 989 3280 192.
1004 3143 1176 3270 Dissimilem
1188 3209 1242 3281 sui,

109 3331 163 3371 non
175 3312 271 3392 qualia
284 3312 354 3373 olim
367 3313 485 3378 fuerat
476 3331 507 3372 rn
517 3313 683 3392 juventute.
724 3312 810 3372 Coni'.
824 3311 929 3371 Horat
944 3309 1003 3369 Od.
1020 3310 1074 3382 1v,
1091 3317 1138 3381 10,
1153 3319 1242 3374 2-8.

108 3414 198 3493 pelle·
221 3415 381 3494 ΨΜ,
400 3434 549 3496 magorum,
571 3415 767 3487 meilentam,
792 3431 971 3491 exsarrguem
990 3421 1021 3474 et
1033 3433 1173 3494 asperam,
1188 3434 1244 3494 pro

111 3526 178 3591 oste,
196 3519 260 3580 loeo
280 3519 358 3582 eutis
368 3529 486 3592 tensum
507 3520 584 3580 vivas
595 3539 631 3580 ao
643 3517 754 3578 nitidae.
838 3515 919 3575 Cutis
937 3515 1098 3596 juvenibus
1111 3537 1145 3578 ae
1158 3519 1243 3591 vivis,
1313 3519 1315 3524 ’

111 3615 186 3694 petat
196 3619 317 3678 senibm
328 3639 364 3679 ae
376 3619 499 3680 mortuis
513 3617 671 3690 tribuitur3
695 3627 732 3676 ut
749 3613 807 3674 illis
827 3615 899 3696 χρὼς
917 3625 948 3674 et
966 3613 1013 3674 hia
1033 3615 1113 3697 ἅρμα
1125 3616 1172 3677 vel
1186 3618 1245 3699 ῥινὸς

112 3716 147 3775 ab
158 3715 249 3779 Hom.
263 3717 325 3778 Od.
341 3718 432 3790 XIII,
453 3723 514 3778 480
534 3737 593 3798 seq.
613 3727 645 3777 et
657 3713 796 3794 Apollon-
811 3713 854 3784 ΙΙ,
868 3721 936 3774 200.
978 3715 1063 3776 Conl'.
1076 3717 1192 3776 Walaei.
1206 3716 1255 3778 ad.

113 3817 226 3880 Lueret.
241 3820 296 3894 VI,
312 3820 401 3884 1268.
413 3831 444 3882 et
458 3819 621 3882 Mitscherl.
633 3819 673 3879 ad
686 3818 791 3880 Horat·
802 3815 897 3895 Epod.
908 3817 1012 3891 xv11,
1026 3826 1075 3879 22.
1111 3818 1245 3878 Plerum-

112 3939 166 3997 que
177 3933 276 3983 umen
288 3923 366 3984 inter
378 3923 442 3984 illas
455 3940 541 3983 voees
553 3920 626 3981 nihil
641 3920 770 3981 interest.
851 3920 1008 3980 Pandantes
1017 3939 1116 3999 genas,
1129 3919 1245 3998 pendu-

113 4017 161 4088 lss,
173 4021 343 4088 madientas
355 4032 387 4082 et
399 4012 561 4091 ilaeoent'es,
582 4039 654 4098 quas
666 4017 717 4078 alii
731 4017 856 4098 fluentes
869 4017 969 4077 ducem
982 4027 1012 4077 et
1025 4017 1114 4076 molus
1126 4017 1247 4078 labentes

115 4115 254 4179 dieunt&
266 4154 309 4174 -
323 4127 493 4192 193-195.
507 4117 624 4178 Festive
644 4117 682 4177 de
700 4117 784 4195 rugis
804 4135 915 4176 serrum.
957 4115 1035 4175 Nota
1048 4135 1165 4196 quoque
1179 4125 1247 4177 sunt

115 4363 282 4491 111th
298 4367 363 4417 suet.
380 4366 445 4432 Aug.
459 4381 481 4416 e.
494 4371 534 4418 99.
549 4365 624 4415 Gron.
642 4307 672 4415 ad
691 4363 773 4413 Senes.
793 4361 894 4428 Hippoi.
905 4377 929 4412 v.
944 4365 998 4413 061.
1010 4369 1034 4414 et
1045 4361 1107 4414 Ero.
1118 4363 1176 4414 clav.
1193 4361 1244 4413 Cic.

165 4445 227 4480 aare.
