3100 5250
429 470 481 536 ΙΝ
502 469 668 559 JUVEN.
692 469 792 538 sAT.
817 472 881 537 lx.
1161 473 1231 538 sot

106 651 315 709 illo·excascato
337 645 493 708 incolumis
507 667 575 708 cum
588 647 672 708 sociis
685 647 785 717 erasit,
810 665 847 706 ex
861 644 953 706 Hom.
971 645 1079 726 Odyss.
1095 655 1118 718 1,
1134 653 1232 707 182-

104 756 166 808 542.
189 745 411 825 smpcyct,
433 727 518 826 virg.
532 747 602 806 un.
616 746 675 817 ιιι,
695 744 866 816 613-691.
891 745 957 823 (uu
971 765 1001 804 v.
1016 745 1139 824 neyne)
1152 757 1183 806 er
1196 745 1232 806 u.

102 848 145 907 De
163 844 346 926 Cyclopibus
363 847 549 923 μοιοφΰάὶμοις
568 866 597 904 v.
618 845 734 924 Heyne'
746 847 787 905 ad
808 843 943 924 Apollod.
959 843 985 914 1,
1002 852 1029 914 l,
1046 852 1072 902 1.
1086 845 1167 904 etde
1188 844 1234 905 in-

101 948 178 1028 genti
197 947 286 1008 oculo
299 945 475 1026 Polyphemi
487 949 568 1008 idem
580 948 620 1008 ad
639 949 810 1028 Virg..AEn.
826 948 886 1020 111,
901 945 969 1008 686.
985 943 1054 1014 637.
1136 949 1235 1008 οιοὶοιιο

103 1051 130 1110 b.
142 1071 168 1110 c.
180 1049 233 1129 qui
248 1048 370 1110 dominu
381 1070 437 1109 suo
449 1051 555 1111 unicus
564 1057 612 1110 'est
624 1061 655 1112 et
667 1049 768 1112 solua'
796 1049 844 1112 65.
866 1051 949 1122 acies,
964 1050 1092 1116 oculus,
1113 1052 1235 1132 Ulysses

102 1151 133 1209 b.
144 1149 164 1208 l
177 1160 206 1209 ct
218 1147 309 1210 ovid.
323 1167 361 1208 ex
375 1148 408 1207 P.
423 1149 476 1220 ΙΙΙ,
493 1158 541 1222 14,
556 1158 605 1210 35.
625 1150 721 1210 sollers
733 1150 851 1221 dicitur,
870 1161 901 1212 et
911 1150 977 1212 'aliia
990 1151 1236 1230 poctisuerrutur,

95 1246 212 1324 sulla-r,
219 1245 330 1326 pellax,
351 1247 463 1327 duplex,
486 1269 524 1309 ex
546 1249 678 1308 Homero
689 1249 841 1320 πολύμητις,
856 1250 1046 1321 «carnutium,
1064 1251 1235 1333 πολύτροπος,

102 1345 291 1426 confixum,
307 1349 439 1419 Διομῆτιι
452 1350 609 1417 ἀτάλαντος.
649 1349 695 1412 Cf.
709 1350 805 1429 intpp.
820 1349 895 1410 Hor.
910 1349 970 1408 Od.
985 1351 1009 1421 Ι,
1025 1351 1055 1420 6,
1075 1359 1104 1419 7.
1121 1395 1125 1402 -

138 1444 270 1519 67-69.
291 1449 398 1511 Facete
409 1471 475 1530 pro,
487 1453 576 1512 ambo
589 1451 733 1512 vestiendi
746 1463 825 1526 sunt,
839 1453 914 1531 inpr.
930 1452 961 1511 in
977 1452 1084 1523 amma,
1098 1453 1127 1512 h.
1137 1474 1162 1514 e.
1175 1454 1238 1514 hic-

101 1549 154 1610 mis
169 1559 315 1628 tempore,
334 1569 396 1628 quo
415 1550 518 1630 frigidi
534 1551 647 1631 spirant
664 1552 755 1612 venti.
796 1551 845 1612 6⁸.
869 1551 947 1620 Quid
965 1552 1063 1612 dicam
1078 1553 1201 1632 scapulis
1213 1561 1239 1612 ct

100 1651 214 1731 pedibu
221 1671 386 1732 puerorum,
400 1673 560 1726 servorum,
574 1654 673 1734 lepide
686 1675 751 1735 pro,
764 1654 866 1726 servis,
878 1675 972 1734 quum
986 1665 1081 1716 vestes
1095 1665 1201 1734 petunt
1212 1665 1241 1714 et

104 1754 305 1826 calceamenta
327 1756 436 1835 quibus
458 1757 575 1818 humeri
597 1779 632 1818 ac
652 1759 743 1838 pedes
756 1769 905 1838 tegantur,
919 1759 1046 1839 apirunte
1058 1756 1195 1846 Aquiliae
1208 1759 1240 1816 iu

100 1857 260 1930 Dmbri,
281 1858 331 1918 vel
350 1859 487 1939 Aquilone
509 1860 668 1932 Decaabri,
690 1861 832 1921 bubernoz
853 1881 922 1920 nam
936 1861 1031 1926 ,etiam
1044 1861 1164 1922 aestivur
1184 1871 1239 1928 est,

98 1958 149 2035 qui
162 1959 272 2018 etesias
283 1957 400 2017 dicitur.
422 1978 450 2016 v.
465 1957 541 2016 Pliru
557 1959 601 2028 ΙΙ,
616 1967 665 2024 47.
678 1970 709 2017 at
723 1967 771 2027 49.
785 1959 906 2029 XVIII,
920 1967 970 2019 34.
1012 1961 1058 2022 Cf.
1072 1960 1140 2020 Var.
1157 1960 1238 2020 laet.

96 2053 203 2125 —69.
216 2056 370 2123 Dicamuc,
384 2055 559 2124 durclerus,
573 2053 689 2112 fortiter
702 2053 824 2124 tolerate
836 2054 940 2132 frigus,
956 2065 982 2116 et
996 2065 1153 2134 exspectate
1166 2057 1241 2116 cicu-
1353 2101 1356 2108 ,

93 2157 160 2226 duc,
175 2157 343 2214 advenum
355 2156 531 2225 cicadarum,
551 2154 582 2212 b.
596 2175 622 2214 e.
635 2154 729 2214 estivi
744 2155 910 2232 temporis?
932 2155 984 2233 (ct'.
999 2157 1075 2214 Plin.
1091 2157 1133 2228 ΙΙ,
1149 2158 1197 2218 26.
1212 2169 1243 2219 et

90 2259 166 2334 27.)
215 2254 330 2314 luteres
342 2253 386 2312 illi
398 2235 509 2332 frigora
522 2263 723 2323 caecarentur.
764 2253 880 2332 Lepida
894 2255 992 2338 verba,
1006 2254 1087 2314 haud
1100 2255 1190 2317 dubie
1203 2256 1244 2315 es·

93 2354 168 2444 licta
183 2377 225 2419 cx
240 2357 322 2434 Virg.
336 2357 406 2416 AEn.
422 2357 448 2425 Ι,
462 2362 531 2422 207.
544 2355 598 2414 ubi
612 2374 641 2412 v.
655 2355 751 2416 Cerda
764 2367 795 2416 et
807 2355 925 2434 Hcyne.
959 2357 1043 2418 conf.
1058 2356 1138 2416 Suet.
1152 2355 1243 2436 Calig.

98 2481 123 2521 c
137 2468 191 2521 45.
600 2518 605 2527 ,
690 2513 694 2522 .
785 2517 787 2522 .
809 2509 812 2524 .
1064 2469 1069 2478 ’

139 2567 183 2628 70
204 2579 267 2640 seq.
287 2560 395 2620 Facete
410 2560 542 2628 Ι(Ιιοιιοιιο
561 2559 703 2622 beneficia
722 2582 776 2620 sua
788 2562 956 2642 exprobrat.
1038 2570 1076 2633 ut,
1098 2562 1244 2642 quamvis,

104 2665 261 2725 dictionales
281 2677 313 2723 et
334 2664 439 2735 mittar,
464 2665 678 2743 pretermittas,
701 2665 787 2743 nihili
804 2666 901 2737 facias,
921 2672 1015 2737 cetera¹
1024 2664 1117 2725 officia
1130 2685 1196 2724 msa
1208 2685 1243 2724 ac

106 2766 257 2839 beneficia,
280 2766 336 2827 tibi
359 2766 500 2846 prestita.
580 2776 685 2847 quatuo
707 2769 813 2829 metiris
836 2768 933 2847 pretio,
958 2768 1059 2847 quanti
1072 2768 1152 2827 sacis.
1195 2776 1242 2835 71.

107 2869 156 2928 uti
166 2867 278 2927 ᾰιᾱίοοο
290 2867 453 2947 demusque
464 2866 559 2938 cliens,
572 2867 745 2940 addictusct
757 2869 797 2927 ad
810 2868 902 2929 officia
910 2866 1022 2948 quaevis
1036 2868 1090 2925 tibi
1103 2876 1244 2945 praestan·

110 2972 145 3031 da
166 2981 296 3050 paratus.
339 2978 387 3038 72.
415 2979 557 3029 uxortua
581 2970 662 3049 virgo
681 2978 814 3039 manerat,
834 2990 895 3031 nou
918 2968 1042 3049 gravida
1062 2970 1139 3028 fucta
1160 2981 1244 3039 esset,

111 3088 230 3155 propter
242 3086 324 3135 tuam
343 3072 552 3152 impotentiam·
573 3110 613 3127 -
636 3080 684 3139 73.
705 3073 761 3133 istu
774 3074 876 3144 officia,
891 3075 957 3147 hoc,
972 3073 1033 3134 scil.
1047 3084 1082 3133 ut
1094 3074 1246 3143 efficerem,

115 3174 190 3253 quod
202 3185 238 3233 tu
251 3174 315 3251 ipse
327 3192 389 3232 uon
400 3192 508 3251 posses.
547 3215 551 3221 -
590 3172 690 3251 quibas
702 3173 798 3243 modia,
814 3192 903 3253 quam
917 3172 1116 3243 vehementer,
1135 3170 1248 3249 suppli·

114 3274 182 3335 citer
201 3283 236 3331 et
255 3292 339 3350 προ.
359 3290 367 3337 ,·
382 3278 437 3337 74.
451 3271 590 3343 Puellam,
614 3290 735 3331 tuorem
756 3284 848 3343 tuam,
859 3271 1030 3349 fugientem,
1055 3270 1176 3329 edomo
1193 3280 1245 3329 tua

119 3372 255 3449 aufugere
268 3370 424 3442 volentem,
444 3371 572 3450 amplexu
585 3392 652 3431 meo
664 3371 757 3452 rapui,
771 3392 809 3431 ex
822 3368 895 3448 fuga
907 3368 1024 3431 retraxi.
1065 3369 1166 3429 Puella
1180 3369 1209 3427 h.
1223 3369 1243 3428 l.

121 3490 202 3541 uxor,
217 3480 257 3530 'ut
275 3471 517 3550 virgosuympls,
540 3470 670 3552 παρθένος,
691 3470 781 3549 stupa.
803 3490 832 3528 v.
845 3470 884 3529 acl
899 3469 941 3539 ΙΙ,
958 3476 1005 3539 59.
1046 3476 1093 3536 75.
1119 3468 1246 3543 Tabulas
1314 3460 1321 3477 ⁸

120 3574 193 3633 dotis
211 3573 258 3633 vel
278 3573 424 3653 nuptiales
437 3575 505 3653 jusu
526 3584 651 3654 ruperat,
673 3574 753 3652 quod
773 3572 862 3633 fiebat
874 3572 905 3632 in
918 3572 1061 3647 divortiis,
1076 3583 1101 3635 ct
1114 3572 1246 3653 οἱςοαόοι

119 3672 193 3740 alias,
207 3673 297 3750 (conf.
313 3672 355 3741 ΙΙ,
373 3672 549 3752 118.),ο11οιί
560 3675 623 3752 jam
636 3674 748 3732 nubere
762 3670 885 3731 volebat.
921 3672 957 3731 In
970 3673 1016 3733 his
1029 3674 1137 3733 tabulis
1151 3672 1246 3732 solen·
1357 3729 1361 3734 .

121 3773 168 3831 uia
184 3784 272 3857 crant¹
284 3774 388 3834 verba:
407 3774 643 3851 procreandorum
663 3792 749 3832 causa
769 3770 915 3832 liberorum
929 3794 1041 3833 uxorem
1059 3772 1145 3837 ἀκοὴ
1167 3782 1197 3832 et
1217 3770 1248 3827 in

123 3871 247 3932 divcniis
267 3872 466 3952 mmpebcatur
486 3874 596 3932 tabula.
638 3872 722 3933 conf.
737 3873 807 3933 Tac.
823 3860 904 3933 Anu.
917 3874 974 3943 XI,
989 3880 1038 3933 30.
1051 3873 1152 3949 ibique
1166 3868 1246 3947 Lips-

121 4002 160 4033 ι-
173 3970 219 4038 76.
243 3972 316 4033 Tota
340 3980 426 4042 noste,
451 3973 541 4032 tau'us
563 3971 656 4031 noctis
677 3972 834 4031 laboribus.
916 3970 1027 4059 redemi,
1048 3967 1163 4048 placavi
1176 3967 1250 4027 iram

122 4074 227 4156 tibique
250 4075 444 4137 reconciliavi.
459 4110 499 4122 -
513 4083 561 4142 77.
585 4076 627 4134 Te
643 4075 782 4154 plorante,
807 4086 887 4134 metu
910 4072 1037 4133 infamia
1062 4090 1097 4129 ac
1123 4068 1248 4149 repudii,

113 4178 194 4256 scria,
215 4192 285 4241 ante
301 4182 424 4261 januam
444 4179 580 4239 cubiculi.
666 4178 759 4237 Tertia
778 4178 846 4237 milri
858 4177 972 4237 lectulus
986 4186 1040 4236 cet
1054 4174 1130 4235 conf.
1144 4172 1249 4233 Catull.

124 4282 173 4357 Vl,
192 4284 303 4346 6—11.
324 4298 354 4346 et
374 4284 464 4345 Ovid.
485 4286 552 4342 Am.
574 4282 634 4352 ΙΙΙ,
658 4290 705 4354 14,
726 4280 775 4342 26.
828 4282 892 4340 Elati
913 4282 938 4339 di
959 4284 1061 4350 cumba,
1081 4278 1196 4357 Βακχῶν
1215 4279 1251 4337 ὅτι

125 4386 184 4443 risr’
205 4389 318 4467 ἐφίλησα
336 4364 433 4465 ’Κξῆᾴ
450 4382 483 4443 alr
502 4386 573 4451 κλίνη
588 4384 687 4464 μάρτυς
701 4384 854 4465 irrypdpsro
866 4382 984 4461 Asclep.
999 4381 1102 4460 Epigr.
1117 4378 1250 4447 XXVII,

128 4492 169 4542 11.
188 4494 235 4548 12.
258 4488 289 4546 in
310 4486 438 4547 Bruuck.
459 4484 546 4544 Anal.
568 4484 603 4543 T.
618 4486 641 4543 Ι.
662 4505 692 4563 p.
706 4492 775 4552 217.
796 4484 848 4545 ubi
868 4482 944 4543 conf.
958 4481 1066 4544 Jacobs
1079 4480 1118 4541 ad
1130 4476 1252 4540 Antbol.

657 4586 733 4634 Cet
