<?xml version="1.0" encoding="UTF-8"?>
<!DOCTYPE html PUBLIC "-//W3C//DTD XHTML 1.0 Transitional//EN"
    "http://www.w3.org/TR/xhtml1/DTD/xhtml1-transitional.dtd">
<html xmlns="http://www.w3.org/1999/xhtml" xml:lang="en" lang="en">
 <head>
  <title>
</title>
<meta http-equiv="Content-Type" content="text/html;charset=utf-8" />
  <meta name='ocr-system' content='tesseract 3.04.00' />
  <meta name='ocr-capabilities' content='ocr_page ocr_carea ocr_par ocr_line ocrx_word'/>
</head>
<body>
  <div class='ocr_page' id='page_1' title='image "./djuniijuvenalis02persgoog_0518.png"; bbox 0 0 3100 5250; ppageno 0'>
   <div class='ocr_carea' id='block_1_1' title="bbox 455 478 1239 557">
    <p class='ocr_par' dir='ltr' id='par_1_1' title="bbox 455 478 1239 557">
     <span class='ocr_line' id='line_1_1' title="bbox 455 478 1239 557; baseline 0.005 -14"><span class='ocrx_word' id='word_1_1' title='bbox 455 478 507 544; x_wconf 91' lang='lat' dir='ltr'>IN</span> <span class='ocrx_word' id='word_1_2' title='bbox 527 478 692 557; x_wconf 78' lang='lat' dir='ltr'>IUVEN.</span> <span class='ocrx_word' id='word_1_3' title='bbox 718 480 818 548; x_wconf 78' lang='lat' dir='ltr'>SAT.</span> <span class='ocrx_word' id='word_1_4' title='bbox 842 480 943 547; x_wconf 91' lang='lat' dir='ltr'>XIII.</span> <span class='ocrx_word' id='word_1_5' title='bbox 1175 489 1239 547; x_wconf 84' lang='grc'><strong>513</strong></span> 
     </span>
    </p>
   </div>
   <div class='ocr_carea' id='block_1_2' title="bbox 98 650 1247 1647">
    <p class='ocr_par' dir='ltr' id='par_1_2' title="bbox 98 650 1247 1647">
     <span class='ocr_line' id='line_1_2' title="bbox 98 650 1246 740; baseline 0.005 -28"><span class='ocrx_word' id='word_1_6' title='bbox 98 672 169 733; x_wconf 70' lang='lat' dir='ltr'>seq.</span> <span class='ocrx_word' id='word_1_7' title='bbox 181 686 224 702; x_wconf 91' lang='lat'>-</span> <span class='ocrx_word' id='word_1_8' title='bbox 238 659 287 724; x_wconf 86' lang='lat'>19.</span> <span class='ocrx_word' id='word_1_9' title='bbox 306 650 407 713; x_wconf 78' lang='lat' dir='ltr'>libellis</span> <span class='ocrx_word' id='word_1_10' title='bbox 417 655 517 725; x_wconf 74' lang='lat' dir='ltr'>samis,</span> <span class='ocrx_word' id='word_1_11' title='bbox 532 655 689 735; x_wconf 70' lang='lat' dir='ltr'>preclaris,</span> <span class='ocrx_word' id='word_1_12' title='bbox 704 656 829 729; x_wconf 87' lang='lat' dir='ltr'>divinis;</span> <span class='ocrx_word' id='word_1_13' title='bbox 852 657 900 733; x_wconf 81' lang='lat' dir='ltr'>(ut</span> <span class='ocrx_word' id='word_1_14' title='bbox 913 658 971 737; x_wconf 63' lang='lat' dir='ltr'>ogo</span> <span class='ocrx_word' id='word_1_15' title='bbox 985 667 1015 715; x_wconf 86' lang='lat' dir='ltr'>et</span> <span class='ocrx_word' id='word_1_16' title='bbox 1028 658 1090 736; x_wconf 65' lang='lat' dir='ltr'>iios)</span> <span class='ocrx_word' id='word_1_17' title='bbox 1112 656 1159 716; x_wconf 85' lang='lat' dir='ltr'>vel</span> <span class='ocrx_word' id='word_1_18' title='bbox 1173 678 1246 740; x_wconf 80' lang='lat' dir='ltr'>quo-</span> 
     </span>
     <span class='ocr_line' id='line_1_3' title="bbox 112 751 1247 833; baseline 0.002 -20"><span class='ocrx_word' id='word_1_19' title='bbox 112 754 185 813; x_wconf 83' lang='lat' dir='ltr'>nium</span> <span class='ocrx_word' id='word_1_20' title='bbox 203 751 399 833; x_wconf 70' lang='lat' dir='ltr'>philosophia,</span> <span class='ocrx_word' id='word_1_21' title='bbox 419 763 453 811; x_wconf 93' lang='lat' dir='ltr'>ut</span> <span class='ocrx_word' id='word_1_22' title='bbox 474 755 564 814; x_wconf 81' lang='lat' dir='ltr'>verba</span> <span class='ocrx_word' id='word_1_23' title='bbox 584 754 644 815; x_wconf 87' lang='lat' dir='ltr'>Cic.</span> <span class='ocrx_word' id='word_1_24' title='bbox 665 756 755 815; x_wconf 86' lang='lat' dir='ltr'>Tusc.</span> <span class='ocrx_word' id='word_1_25' title='bbox 778 758 835 824; x_wconf 84' lang='lat' dir='ltr'>Qu.</span> <span class='ocrx_word' id='word_1_26' title='bbox 852 755 876 823; x_wconf 91' lang='lat'>1,</span> <span class='ocrx_word' id='word_1_27' title='bbox 897 753 946 815; x_wconf 74' lang='grc'>86.</span> <span class='ocrx_word' id='word_1_28' title='bbox 970 772 1035 813; x_wconf 84' lang='lat' dir='ltr'>mea</span> <span class='ocrx_word' id='word_1_29' title='bbox 1057 755 1173 829; x_wconf 82' lang='lat' dir='ltr'>fecium,</span> <span class='ocrx_word' id='word_1_30' title='bbox 1202 766 1247 815; x_wconf 80' lang='lat' dir='ltr'>est</span> 
     </span>
     <span class='ocr_line' id='line_1_4' title="bbox 111 851 1246 934; baseline 0.004 -22"><span class='ocrx_word' id='word_1_31' title='bbox 111 854 205 912; x_wconf 75' lang='lat' dir='ltr'>donum</span> <span class='ocrx_word' id='word_1_32' title='bbox 228 851 420 932; x_wconf 73' lang='lat' dir='ltr'>incestumque</span> <span class='ocrx_word' id='word_1_33' title='bbox 441 854 554 912; x_wconf 71' lang='grc' dir='ltr'>ἀωηιηι</span> <span class='ocrx_word' id='word_1_34' title='bbox 565 889 608 902; x_wconf 93' lang='grc'><strong>-</strong></span> <span class='ocrx_word' id='word_1_35' title='bbox 620 854 683 934; x_wconf 68' lang='lat' dir='ltr'>qius</span> <span class='ocrx_word' id='word_1_36' title='bbox 704 874 826 934; x_wconf 80' lang='lat' dir='ltr'>prorsus</span> <span class='ocrx_word' id='word_1_37' title='bbox 851 854 948 914; x_wconf 81' lang='lat' dir='ltr'>diuiso</span> <span class='ocrx_word' id='word_1_38' title='bbox 975 854 1017 913; x_wconf 81' lang='lat' dir='ltr'>uis</span> <span class='ocrx_word' id='word_1_39' title='bbox 1030 888 1070 903; x_wconf 92' lang='lat'><em>-</em></span> <span class='ocrx_word' id='word_1_40' title='bbox 1084 861 1109 913; x_wconf 79' lang='lat' dir='ltr'>et</span> <span class='ocrx_word' id='word_1_41' title='bbox 1136 854 1246 917; x_wconf 60' lang='lat' dir='ltr'>annuus</span> 
     </span>
     <span class='ocr_line' id='line_1_5' title="bbox 110 951 1244 1035; baseline 0 -22"><span class='ocrx_word' id='word_1_42' title='bbox 110 951 227 1023; x_wconf 72' lang='lat' dir='ltr'>divinoe,</span> <span class='ocrx_word' id='word_1_43' title='bbox 252 960 304 1011; x_wconf 72' lang='lat' dir='ltr'>uus</span> <span class='ocrx_word' id='word_1_44' title='bbox 325 952 393 1011; x_wconf 77' lang='lat' dir='ltr'>desc</span> <span class='ocrx_word' id='word_1_45' title='bbox 414 964 470 1012; x_wconf 89' lang='lat' dir='ltr'>cet.</span> <span class='ocrx_word' id='word_1_46' title='bbox 489 987 532 1003; x_wconf 89' lang='lat'><em>-</em></span> <span class='ocrx_word' id='word_1_47' title='bbox 550 962 599 1014; x_wconf 82' lang='lat'>20.</span> <span class='ocrx_word' id='word_1_48' title='bbox 621 954 805 1035; x_wconf 68' lang='lat' dir='ltr'>Philosophia</span> <span class='ocrx_word' id='word_1_49' title='bbox 828 962 869 1015; x_wconf 79' lang='lat' dir='ltr'>ecl</span> <span class='ocrx_word' id='word_1_50' title='bbox 892 953 1115 1035; x_wconf 67' lang='lat' dir='ltr'>inexpugnabilis</span> <span class='ocrx_word' id='word_1_51' title='bbox 1138 974 1244 1027; x_wconf 82' lang='lat' dir='ltr'>murus,</span> 
     </span>
     <span class='ocr_line' id='line_1_6' title="bbox 110 1054 1245 1137; baseline 0.003 -22"><span class='ocrx_word' id='word_1_52' title='bbox 110 1072 183 1136; x_wconf 75' lang='lat' dir='ltr'>quero</span> <span class='ocrx_word' id='word_1_53' title='bbox 206 1055 339 1115; x_wconf 67' lang='lat' dir='ltr'>Bonum</span> <span class='ocrx_word' id='word_1_54' title='bbox 360 1054 457 1114; x_wconf 72' lang='lat' dir='ltr'>nouis</span> <span class='ocrx_word' id='word_1_55' title='bbox 476 1056 613 1115; x_wconf 75' lang='lat' dir='ltr'>machinis</span> <span class='ocrx_word' id='word_1_56' title='bbox 635 1056 792 1117; x_wconf 73' lang='lat' dir='ltr'>lacessitum</span> <span class='ocrx_word' id='word_1_57' title='bbox 816 1078 871 1117; x_wconf 84' lang='lat' dir='ltr'>noo</span> <span class='ocrx_word' id='word_1_58' title='bbox 891 1057 1003 1131; x_wconf 73' lang='lat' dir='ltr'>transit,</span> <span class='ocrx_word' id='word_1_59' title='bbox 1025 1057 1092 1117; x_wconf 86' lang='lat' dir='ltr'>Sen.</span> <span class='ocrx_word' id='word_1_60' title='bbox 1113 1056 1171 1137; x_wconf 87' lang='lat' dir='ltr'>Ep.</span> <span class='ocrx_word' id='word_1_61' title='bbox 1195 1064 1245 1118; x_wconf 78' lang='lat'>82.</span> 
     </span>
     <span class='ocr_line' id='line_1_7' title="bbox 111 1156 1245 1231; baseline 0.003 -14"><span class='ocrx_word' id='word_1_62' title='bbox 111 1156 249 1217; x_wconf 76' lang='lat' dir='ltr'>simfliter</span> <span class='ocrx_word' id='word_1_63' title='bbox 265 1156 337 1217; x_wconf 79' lang='lat' dir='ltr'>Coto</span> <span class='ocrx_word' id='word_1_64' title='bbox 349 1157 483 1219; x_wconf 80' lang='lat' dir='ltr'>Forluuoe</span> <span class='ocrx_word' id='word_1_65' title='bbox 495 1158 582 1219; x_wconf 77' lang='lat' dir='ltr'>uictor</span> <span class='ocrx_word' id='word_1_66' title='bbox 594 1160 703 1220; x_wconf 85' lang='lat' dir='ltr'>dicitur</span> <span class='ocrx_word' id='word_1_67' title='bbox 717 1160 849 1221; x_wconf 89' lang='lat' dir='ltr'>Manilio.</span> <span class='ocrx_word' id='word_1_68' title='bbox 893 1160 978 1223; x_wconf 82' lang='lat' dir='ltr'>Conf.</span> <span class='ocrx_word' id='word_1_69' title='bbox 994 1161 1033 1231; x_wconf 89' lang='lat' dir='ltr'>X,</span> <span class='ocrx_word' id='word_1_70' title='bbox 1051 1168 1098 1221; x_wconf 80' lang='grc'>52.</span> <span class='ocrx_word' id='word_1_71' title='bbox 1114 1169 1161 1221; x_wconf 89' lang='grc'>53.</span> <span class='ocrx_word' id='word_1_72' title='bbox 1175 1159 1245 1221; x_wconf 86' lang='grc'><strong>365.</strong></span> 
     </span>
     <span class='ocr_line' id='line_1_8' title="bbox 109 1258 1245 1343; baseline 0.004 -23"><span class='ocrx_word' id='word_1_73' title='bbox 109 1259 171 1320; x_wconf 86' lang='grc'><strong>366.</strong></span> <span class='ocrx_word' id='word_1_74' title='bbox 184 1294 231 1310; x_wconf 93' lang='grc'>-</span> <span class='ocrx_word' id='word_1_75' title='bbox 244 1268 293 1321; x_wconf 77' lang='lat'>22.</span> <span class='ocrx_word' id='word_1_76' title='bbox 306 1262 426 1338; x_wconf 77' lang='lat' dir='ltr'>jactare</span> <span class='ocrx_word' id='word_1_77' title='bbox 434 1262 551 1341; x_wconf 81' lang='lat' dir='ltr'>jugum,</span> <span class='ocrx_word' id='word_1_78' title='bbox 572 1263 757 1343; x_wconf 74' lang='lat' dir='ltr'><strong>impatienter</strong></span> <span class='ocrx_word' id='word_1_79' title='bbox 770 1264 849 1323; x_wconf 79' lang='lat' dir='ltr'>ier-re</span> <span class='ocrx_word' id='word_1_80' title='bbox 862 1262 1047 1325; x_wconf 83' lang='lat' dir='ltr'>incommoda</span> <span class='ocrx_word' id='word_1_81' title='bbox 1062 1264 1138 1325; x_wconf 76' lang='lat' dir='ltr'>vitu.</span> <span class='ocrx_word' id='word_1_82' title='bbox 1179 1258 1245 1324; x_wconf 78' lang='lat' dir='ltr'>Me-</span> 
     </span>
     <span class='ocr_line' id='line_1_9' title="bbox 107 1359 1244 1445; baseline 0.004 -26"><span class='ocrx_word' id='word_1_83' title='bbox 107 1359 229 1439; x_wconf 83' lang='lat' dir='ltr'>tapbora</span> <span class='ocrx_word' id='word_1_84' title='bbox 242 1359 362 1423; x_wconf 77' lang='lat' dir='ltr'>doctas</span> <span class='ocrx_word' id='word_1_85' title='bbox 375 1363 470 1422; x_wconf 89' lang='lat' dir='ltr'>bobus</span> <span class='ocrx_word' id='word_1_86' title='bbox 483 1362 630 1424; x_wconf 76' lang='lat' dir='ltr'>ferocibus</span> <span class='ocrx_word' id='word_1_87' title='bbox 642 1363 690 1423; x_wconf 88' lang='lat' dir='ltr'>vel</span> <span class='ocrx_word' id='word_1_88' title='bbox 704 1364 964 1425; x_wconf 74' lang='lat' dir='ltr'>succumbentibus</span> <span class='ocrx_word' id='word_1_89' title='bbox 977 1364 1068 1435; x_wconf 88' lang='lat' dir='ltr'>oneri,</span> <span class='ocrx_word' id='word_1_90' title='bbox 1082 1362 1244 1445; x_wconf 82' lang='lat' dir='ltr'>quijugum</span> 
     </span>
     <span class='ocr_line' id='line_1_10' title="bbox 106 1444 1242 1549; baseline 0.005 -27"><span class='ocrx_word' id='word_1_91' title='bbox 106 1462 267 1535; x_wconf 70' lang='lat' dir='ltr'>detrectant,</span> <span class='ocrx_word' id='word_1_92' title='bbox 292 1444 430 1549; x_wconf 60' lang='lat' dir='ltr'>quietim,</span> <span class='ocrx_word' id='word_1_93' title='bbox 456 1467 597 1526; x_wconf 69' lang='lat' dir='ltr'>eucratius!</span> <span class='ocrx_word' id='word_1_94' title='bbox 624 1466 702 1547; x_wconf 80' lang='lat' dir='ltr'>eique</span> <span class='ocrx_word' id='word_1_95' title='bbox 727 1468 896 1526; x_wconf 77' lang='lat' dir='ltr'>subtrahunt</span> <span class='ocrx_word' id='word_1_96' title='bbox 918 1466 1000 1527; x_wconf 85' lang='lat' dir='ltr'>colio.</span> <span class='ocrx_word' id='word_1_97' title='bbox 1055 1469 1164 1528; x_wconf 75' lang='lat' dir='ltr'>Contra</span> <span class='ocrx_word' id='word_1_98' title='bbox 1186 1470 1242 1547; x_wconf 83' lang='lat' dir='ltr'>ju-</span> 
     </span>
     <span class='ocr_line' id='line_1_11' title="bbox 103 1560 1244 1647; baseline 0.007 -28"><span class='ocrx_word' id='word_1_99' title='bbox 103 1580 165 1640; x_wconf 79' lang='lat' dir='ltr'>gum</span> <span class='ocrx_word' id='word_1_100' title='bbox 184 1560 325 1640; x_wconf 81' lang='lat' dir='ltr'>occipere,</span> <span class='ocrx_word' id='word_1_101' title='bbox 347 1562 463 1623; x_wconf 70' lang='lat' dir='ltr'>rabodo</span> <span class='ocrx_word' id='word_1_102' title='bbox 483 1564 588 1624; x_wconf 80' lang='lat' dir='ltr'>ceruice</span> <span class='ocrx_word' id='word_1_103' title='bbox 604 1568 701 1647; x_wconf 69' lang='lat' dir='ltr'>fiere,</span> <span class='ocrx_word' id='word_1_104' title='bbox 721 1565 748 1624; x_wconf 88' lang='lat' dir='ltr'>ei</span> <span class='ocrx_word' id='word_1_105' title='bbox 770 1564 931 1626; x_wconf 81' lang='lat' dir='ltr'>submillere</span> <span class='ocrx_word' id='word_1_106' title='bbox 950 1566 1020 1627; x_wconf 74' lang='lat' dir='ltr'>milo</span> <span class='ocrx_word' id='word_1_107' title='bbox 1040 1577 1071 1627; x_wconf 84' lang='lat' dir='ltr'>st</span> <span class='ocrx_word' id='word_1_108' title='bbox 1092 1583 1193 1645; x_wconf 88' lang='lat' dir='ltr'>propr.</span> <span class='ocrx_word' id='word_1_109' title='bbox 1213 1578 1244 1627; x_wconf 86' lang='lat' dir='ltr'>et</span> 
     </span>
    </p>
   </div>
   <div class='ocr_carea' id='block_1_3' title="bbox 104 1662 1242 1823">
    <p class='ocr_par' dir='ltr' id='par_1_3' title="bbox 104 1662 1242 1823">
     <span class='ocr_line' id='line_1_12' title="bbox 104 1662 1242 1761; baseline 0.004 -38"><span class='ocrx_word' id='word_1_110' title='bbox 104 1662 230 1744; x_wconf 85' lang='lat' dir='ltr'>metaph.</span> <span class='ocrx_word' id='word_1_111' title='bbox 251 1663 393 1725; x_wconf 76' lang='lat' dir='ltr'>dieitur.²</span> <span class='ocrx_word' id='word_1_112' title='bbox 470 1667 618 1747; x_wconf 73' lang='lat' dir='ltr'>magistro,</span> <span class='ocrx_word' id='word_1_113' title='bbox 645 1689 673 1728; x_wconf 81' lang='lat' dir='ltr'>v.</span> <span class='ocrx_word' id='word_1_114' title='bbox 698 1668 803 1730; x_wconf 87' lang='lat' dir='ltr'>Heius.</span> <span class='ocrx_word' id='word_1_115' title='bbox 829 1669 868 1729; x_wconf 84' lang='lat' dir='ltr'>ud</span> <span class='ocrx_word' id='word_1_116' title='bbox 889 1668 978 1730; x_wconf 85' lang='lat' dir='ltr'>ovid.</span> <span class='ocrx_word' id='word_1_117' title='bbox 1001 1671 1056 1750; x_wconf 85' lang='lat' dir='ltr'>Ep.</span> <span class='ocrx_word' id='word_1_118' title='bbox 1078 1670 1151 1729; x_wconf 85' lang='lat' dir='ltr'>Her.</span> <span class='ocrx_word' id='word_1_119' title='bbox 1174 1670 1242 1761; x_wconf 61' lang='lat' dir='ltr'>XV⁹</span> 
     </span>
     <span class='ocr_line' id='line_1_13' title="bbox 107 1770 152 1823; baseline -0.089 1"><span class='ocrx_word' id='word_1_120' title='bbox 107 1770 152 1823; x_wconf 82' lang='lat'>83.</span> 
     </span>
    </p>
   </div>
   <div class='ocr_carea' id='block_1_4' title="bbox 97 1870 1244 2548">
    <p class='ocr_par' dir='ltr' id='par_1_4' title="bbox 97 1870 1244 2548">
     <span class='ocr_line' id='line_1_14' title="bbox 139 1870 1243 1954; baseline 0.005 -26"><span class='ocrx_word' id='word_1_121' title='bbox 139 1875 274 1938; x_wconf 80' lang='grc'><strong>23-37,</strong></span> <span class='ocrx_word' id='word_1_122' title='bbox 304 1870 473 1949; x_wconf 82' lang='lat' dir='ltr'>Descriptio</span> <span class='ocrx_word' id='word_1_123' title='bbox 497 1871 615 1932; x_wconf 78' lang='lat' dir='ltr'>illorum</span> <span class='ocrx_word' id='word_1_124' title='bbox 642 1880 811 1950; x_wconf 82' lang='lat' dir='ltr'>temporum</span> <span class='ocrx_word' id='word_1_125' title='bbox 841 1872 1050 1954; x_wconf 83' lang='lat' dir='ltr'>scelerumque,</span> <span class='ocrx_word' id='word_1_126' title='bbox 1084 1892 1151 1952; x_wconf 85' lang='lat' dir='ltr'>quae</span> <span class='ocrx_word' id='word_1_127' title='bbox 1177 1883 1243 1933; x_wconf 86' lang='lat' dir='ltr'>tum</span> 
     </span>
     <span class='ocr_line' id='line_1_15' title="bbox 101 1972 1244 2051; baseline 0.002 -18"><span class='ocrx_word' id='word_1_128' title='bbox 101 1974 330 2050; x_wconf 75' lang='lat' dir='ltr'>grassabanturz</span> <span class='ocrx_word' id='word_1_129' title='bbox 349 1973 448 2032; x_wconf 88' lang='lat' dir='ltr'>brevis</span> <span class='ocrx_word' id='word_1_130' title='bbox 466 1972 592 2050; x_wconf 74' lang='lat' dir='ltr'>pictura,</span> <span class='ocrx_word' id='word_1_131' title='bbox 613 1972 663 2032; x_wconf 87' lang='lat' dir='ltr'>cui</span> <span class='ocrx_word' id='word_1_132' title='bbox 681 1972 859 2051; x_wconf 80' lang='lat' dir='ltr'>principales</span> <span class='ocrx_word' id='word_1_133' title='bbox 872 1985 988 2033; x_wconf 81' lang='lat' dir='ltr'>tantum</span> <span class='ocrx_word' id='word_1_134' title='bbox 1003 1974 1112 2035; x_wconf 84' lang='lat' dir='ltr'>colores</span> <span class='ocrx_word' id='word_1_135' title='bbox 1125 1974 1244 2035; x_wconf 84' lang='lat' dir='ltr'>induxit</span> 
     </span>
     <span class='ocr_line' id='line_1_16' title="bbox 101 2070 1244 2152; baseline 0.003 -22"><span class='ocrx_word' id='word_1_136' title='bbox 101 2082 196 2151; x_wconf 65' lang='lat' dir='ltr'>poetes</span> <span class='ocrx_word' id='word_1_137' title='bbox 212 2108 254 2131; x_wconf 91' lang='grc'>.-</span> <span class='ocrx_word' id='word_1_138' title='bbox 268 2078 319 2131; x_wconf 74' lang='lat'>23.</span> <span class='ocrx_word' id='word_1_139' title='bbox 339 2071 429 2129; x_wconf 89' lang='lat' dir='ltr'>Nunc</span> <span class='ocrx_word' id='word_1_140' title='bbox 442 2070 579 2148; x_wconf 82' lang='lat' dir='ltr'>quotidie</span> <span class='ocrx_word' id='word_1_141' title='bbox 588 2072 813 2130; x_wconf 81' lang='lat' dir='ltr'>committuntur</span> <span class='ocrx_word' id='word_1_142' title='bbox 826 2070 946 2149; x_wconf 73' lang='lat' dir='ltr'>flagitia,</span> <span class='ocrx_word' id='word_1_143' title='bbox 967 2072 1059 2152; x_wconf 81' lang='lat' dir='ltr'>iisque</span> <span class='ocrx_word' id='word_1_144' title='bbox 1072 2074 1244 2150; x_wconf 81' lang='lat' dir='ltr'>profanatur</span> 
     </span>
     <span class='ocr_line' id='line_1_17' title="bbox 100 2154 1242 2252; baseline 0 -19"><span class='ocrx_word' id='word_1_145' title='bbox 100 2176 217 2252; x_wconf 83' lang='lat' dir='ltr'>quaevis</span> <span class='ocrx_word' id='word_1_146' title='bbox 225 2172 309 2251; x_wconf 72' lang='lat' dir='ltr'>fictu</span> <span class='ocrx_word' id='word_1_147' title='bbox 323 2171 391 2242; x_wconf 61' lang='lat' dir='ltr'>dien</span> <span class='ocrx_word' id='word_1_148' title='bbox 412 2192 480 2250; x_wconf 80' lang='lat' dir='ltr'>quoe</span> <span class='ocrx_word' id='word_1_149' title='bbox 492 2154 627 2249; x_wconf 80' lang='lat' dir='ltr'>religiose</span> <span class='ocrx_word' id='word_1_150' title='bbox 644 2171 715 2230; x_wconf 91' lang='lat' dir='ltr'>olim</span> <span class='ocrx_word' id='word_1_151' title='bbox 728 2183 759 2232; x_wconf 85' lang='lat' dir='ltr'>et</span> <span class='ocrx_word' id='word_1_152' title='bbox 772 2183 871 2231; x_wconf 84' lang='lat' dir='ltr'>sancte</span> <span class='ocrx_word' id='word_1_153' title='bbox 884 2173 1033 2249; x_wconf 80' lang='lat' dir='ltr'>agebatur.</span> <span class='ocrx_word' id='word_1_154' title='bbox 1114 2182 1144 2230; x_wconf 79' lang='lat' dir='ltr'>ut</span> <span class='ocrx_word' id='word_1_155' title='bbox 1157 2184 1242 2233; x_wconf 79' lang='lat' dir='ltr'>cesset</span> 
     </span>
     <span class='ocr_line' id='line_1_18' title="bbox 97 2267 1244 2350; baseline 0 -21"><span class='ocrx_word' id='word_1_156' title='bbox 97 2272 220 2350; x_wconf 81' lang='lat' dir='ltr'>prodere</span> <span class='ocrx_word' id='word_1_157' title='bbox 230 2268 341 2349; x_wconf 84' lang='lat' dir='ltr'>furem,</span> <span class='ocrx_word' id='word_1_158' title='bbox 367 2289 426 2347; x_wconf 90' lang='lat' dir='ltr'>quo</span> <span class='ocrx_word' id='word_1_159' title='bbox 445 2288 507 2328; x_wconf 91' lang='lat' dir='ltr'>non</span> <span class='ocrx_word' id='word_1_160' title='bbox 528 2282 647 2328; x_wconf 81' lang='lat' dir='ltr'>cemere</span> <span class='ocrx_word' id='word_1_161' title='bbox 659 2268 752 2348; x_wconf 86' lang='lat' dir='ltr'>possis</span> <span class='ocrx_word' id='word_1_162' title='bbox 764 2269 863 2327; x_wconf 85' lang='lat' dir='ltr'>furem</span> <span class='ocrx_word' id='word_1_163' title='bbox 877 2276 907 2327; x_wconf 88' lang='lat' dir='ltr'>et</span> <span class='ocrx_word' id='word_1_164' title='bbox 921 2267 1150 2345; x_wconf 83' lang='lat' dir='ltr'>deprehendere.</span> <span class='ocrx_word' id='word_1_165' title='bbox 1192 2270 1244 2331; x_wconf 77' lang='lat'>25:</span> 
     </span>
     <span class='ocr_line' id='line_1_19' title="bbox 98 2363 1241 2447; baseline -0.003 -21"><span class='ocrx_word' id='word_1_166' title='bbox 98 2367 207 2447; x_wconf 82' lang='lat' dir='ltr'>gladio,</span> <span class='ocrx_word' id='word_1_167' title='bbox 221 2368 261 2438; x_wconf 83' lang='lat' dir='ltr'>vl,</span> <span class='ocrx_word' id='word_1_168' title='bbox 276 2366 320 2427; x_wconf 85' lang='lat' dir='ltr'>vel</span> <span class='ocrx_word' id='word_1_169' title='bbox 327 2366 441 2445; x_wconf 71' lang='lat' dir='ltr'>pyxide,</span> <span class='ocrx_word' id='word_1_170' title='bbox 456 2384 579 2436; x_wconf 90' lang='lat' dir='ltr'>veneno,</span> <span class='ocrx_word' id='word_1_171' title='bbox 602 2364 697 2443; x_wconf 88' lang='lat' dir='ltr'>(quod</span> <span class='ocrx_word' id='word_1_172' title='bbox 709 2365 740 2423; x_wconf 94' lang='lat' dir='ltr'>iu</span> <span class='ocrx_word' id='word_1_173' title='bbox 754 2384 789 2424; x_wconf 86' lang='lat' dir='ltr'>ea</span> <span class='ocrx_word' id='word_1_174' title='bbox 800 2364 992 2441; x_wconf 76' lang='lat' dir='ltr'>condebatur,</span> <span class='ocrx_word' id='word_1_175' title='bbox 1013 2363 1051 2424; x_wconf 91' lang='lat' dir='ltr'>de</span> <span class='ocrx_word' id='word_1_176' title='bbox 1064 2384 1124 2443; x_wconf 92' lang='lat' dir='ltr'>quo</span> <span class='ocrx_word' id='word_1_177' title='bbox 1137 2385 1165 2424; x_wconf 91' lang='lat' dir='ltr'>v.</span> <span class='ocrx_word' id='word_1_178' title='bbox 1180 2368 1241 2430; x_wconf 84' lang='lat' dir='ltr'>Cic.</span> 
     </span>
     <span class='ocr_line' id='line_1_20' title="bbox 101 2462 1241 2548; baseline 0 -23"><span class='ocrx_word' id='word_1_179' title='bbox 101 2466 174 2526; x_wconf 85' lang='lat' dir='ltr'>Coel.</span> <span class='ocrx_word' id='word_1_180' title='bbox 190 2472 240 2526; x_wconf 73' lang='grc'>25.</span> <span class='ocrx_word' id='word_1_181' title='bbox 255 2476 286 2526; x_wconf 84' lang='lat' dir='ltr'>et</span> <span class='ocrx_word' id='word_1_182' title='bbox 300 2466 379 2525; x_wconf 75' lang='lat' dir='ltr'>Suet.</span> <span class='ocrx_word' id='word_1_183' title='bbox 394 2466 465 2523; x_wconf 75' lang='lat' dir='ltr'>Nes.</span> <span class='ocrx_word' id='word_1_184' title='bbox 480 2466 543 2543; x_wconf 75' lang='lat'>47.)</span> <span class='ocrx_word' id='word_1_185' title='bbox 564 2483 625 2523; x_wconf 93' lang='lat' dir='ltr'>non</span> <span class='ocrx_word' id='word_1_186' title='bbox 637 2462 740 2523; x_wconf 82' lang='lat' dir='ltr'>l&#39;ritillo</span> <span class='ocrx_word' id='word_1_187' title='bbox 753 2463 801 2522; x_wconf 85' lang='lat' dir='ltr'>vel</span> <span class='ocrx_word' id='word_1_188' title='bbox 819 2462 891 2522; x_wconf 83' lang='lat' dir='ltr'>olea.</span> <span class='ocrx_word' id='word_1_189' title='bbox 932 2462 981 2523; x_wconf 77' lang='lat'>26.</span> <span class='ocrx_word' id='word_1_190' title='bbox 1003 2462 1087 2522; x_wconf 84' lang='lat' dir='ltr'>Conf.</span> <span class='ocrx_word' id='word_1_191' title='bbox 1103 2464 1169 2524; x_wconf 84' lang='lat' dir='ltr'>Seu.</span> <span class='ocrx_word' id='word_1_192' title='bbox 1184 2468 1241 2548; x_wconf 72' lang='lat' dir='ltr'>Ep,</span> 
     </span>
    </p>
   </div>
   <div class='ocr_carea' id='block_1_5' title="bbox 101 2558 1241 3859">
    <p class='ocr_par' dir='ltr' id='par_1_5' title="bbox 101 2558 1241 3740">
     <span class='ocr_line' id='line_1_21' title="bbox 102 2558 1241 2646; baseline 0 -23"><span class='ocrx_word' id='word_1_193' title='bbox 102 2572 146 2625; x_wconf 76' lang='lat'>42.</span> <span class='ocrx_word' id='word_1_194' title='bbox 157 2584 206 2644; x_wconf 90' lang='lat' dir='ltr'>pr.</span> <span class='ocrx_word' id='word_1_195' title='bbox 236 2564 287 2623; x_wconf 77' lang='lat' dir='ltr'>ad</span> <span class='ocrx_word' id='word_1_196' title='bbox 300 2584 457 2626; x_wconf 86' lang='lat' dir='ltr'>numerum</span> <span class='ocrx_word' id='word_1_197' title='bbox 468 2562 641 2642; x_wconf 78' lang='lat' dir='ltr'>sapientum</span> <span class='ocrx_word' id='word_1_198' title='bbox 653 2560 785 2622; x_wconf 77' lang='lat' dir='ltr'>allusisse</span> <span class='ocrx_word' id='word_1_199' title='bbox 798 2572 923 2641; x_wconf 82' lang='lat' dir='ltr'>poetam,</span> <span class='ocrx_word' id='word_1_200' title='bbox 933 2558 1048 2640; x_wconf 88' lang='lat' dir='ltr'>judicio</span> <span class='ocrx_word' id='word_1_201' title='bbox 1056 2581 1161 2642; x_wconf 89' lang='lat' dir='ltr'>parum</span> <span class='ocrx_word' id='word_1_202' title='bbox 1171 2585 1241 2646; x_wconf 86' lang='lat' dir='ltr'>pro-</span> 
     </span>
     <span class='ocr_line' id='line_1_22' title="bbox 101 2663 1239 2747; baseline 0.001 -21"><span class='ocrx_word' id='word_1_203' title='bbox 101 2667 191 2726; x_wconf 83' lang='lat' dir='ltr'>babili</span> <span class='ocrx_word' id='word_1_204' title='bbox 218 2667 403 2747; x_wconf 85' lang='lat' dir='ltr'>suepicantur</span> <span class='ocrx_word' id='word_1_205' title='bbox 420 2665 553 2746; x_wconf 82' lang='lat' dir='ltr'>Interpp.</span> <span class='ocrx_word' id='word_1_206' title='bbox 635 2665 778 2725; x_wconf 80' lang='lat' dir='ltr'>Numerus</span> <span class='ocrx_word' id='word_1_207' title='bbox 798 2664 844 2723; x_wconf 79' lang='lat' dir='ltr'>oia</span> <span class='ocrx_word' id='word_1_208' title='bbox 864 2668 904 2724; x_wconf 80' lang='lat' dir='ltr'>est</span> <span class='ocrx_word' id='word_1_209' title='bbox 923 2663 1031 2723; x_wconf 77' lang='lat' dir='ltr'>lotidem</span> <span class='ocrx_word' id='word_1_210' title='bbox 1053 2677 1106 2725; x_wconf 89' lang='lat' dir='ltr'>oet.</span> <span class='ocrx_word' id='word_1_211' title='bbox 1127 2685 1155 2725; x_wconf 85' lang='lat' dir='ltr'>v.</span> <span class='ocrx_word' id='word_1_212' title='bbox 1170 2669 1239 2729; x_wconf 88' lang='lat' dir='ltr'>Var.</span> 
     </span>
     <span class='ocr_line' id='line_1_23' title="bbox 102 2767 1241 2847; baseline 0.002 -18"><span class='ocrx_word' id='word_1_213' title='bbox 102 2770 184 2828; x_wconf 80' lang='lat' dir='ltr'>Loct.</span> <span class='ocrx_word' id='word_1_214' title='bbox 225 2777 276 2837; x_wconf 81' lang='lat'>27.</span> <span class='ocrx_word' id='word_1_215' title='bbox 309 2769 468 2829; x_wconf 74' lang='lat' dir='ltr'>Thebarum</span> <span class='ocrx_word' id='word_1_216' title='bbox 481 2767 661 2828; x_wconf 87' lang='lat' dir='ltr'>Boeotiarum</span> <span class='ocrx_word' id='word_1_217' title='bbox 675 2767 737 2828; x_wconf 89' lang='lat' dir='ltr'>scil.</span> <span class='ocrx_word' id='word_1_218' title='bbox 753 2777 845 2847; x_wconf 71' lang='lat' dir='ltr'>porte</span> <span class='ocrx_word' id='word_1_219' title='bbox 858 2778 980 2846; x_wconf 85' lang='lat' dir='ltr'>septem,</span> <span class='ocrx_word' id='word_1_220' title='bbox 1000 2767 1080 2828; x_wconf 85' lang='lat' dir='ltr'>unde</span> <span class='ocrx_word' id='word_1_221' title='bbox 1094 2770 1241 2844; x_wconf 65' lang='grc' dir='ltr'><strong>ἱπτάπυλος</strong></span> 
     </span>
     <span class='ocr_line' id='line_1_24' title="bbox 104 2853 1241 2948; baseline -0.004 -20"><span class='ocrx_word' id='word_1_222' title='bbox 104 2867 283 2942; x_wconf 69' lang='lat' dir='ltr'>csssffiom.</span> <span class='ocrx_word' id='word_1_223' title='bbox 294 2867 331 2929; x_wconf 84' lang='grc'>11</span> <span class='ocrx_word' id='word_1_224' title='bbox 342 2869 366 2940; x_wconf 88' lang='grc'><strong>1,</strong></span> <span class='ocrx_word' id='word_1_225' title='bbox 382 2867 450 2928; x_wconf 80' lang='grc'><strong>106.</strong></span> <span class='ocrx_word' id='word_1_226' title='bbox 466 2857 753 2948; x_wconf 64' lang='grc' dir='ltr'><strong>Ηοεῑοᾶ.”1ῃ.ἰσε.</strong></span> <span class='ocrx_word' id='word_1_227' title='bbox 767 2865 805 2926; x_wconf 74' lang='lat' dir='ltr'>al.</span> <span class='ocrx_word' id='word_1_228' title='bbox 826 2853 904 2924; x_wconf 75' lang='lat' dir='ltr'>Num</span> <span class='ocrx_word' id='word_1_229' title='bbox 919 2863 1012 2940; x_wconf 69' lang='grc' dir='ltr'><strong><em>Θῆβαι</em></strong></span> <span class='ocrx_word' id='word_1_230' title='bbox 1025 2867 1167 2948; x_wconf 56' lang='lat' dir='ltr'>noyon...</span> <span class='ocrx_word' id='word_1_231' title='bbox 1180 2873 1241 2932; x_wconf 66' lang='lat' dir='ltr'>isa·</span> 
     </span>
     <span class='ocr_line' id='line_1_25' title="bbox 102 2967 1239 3043; baseline -0.004 -12"><span class='ocrx_word' id='word_1_232' title='bbox 102 2975 225 3043; x_wconf 61' lang='grc' dir='ltr'>εόμονλω</span> <span class='ocrx_word' id='word_1_233' title='bbox 245 2971 335 3032; x_wconf 88' lang='lat' dir='ltr'>Hom.</span> <span class='ocrx_word' id='word_1_234' title='bbox 351 2970 388 3029; x_wconf 93' lang='lat' dir='ltr'>il.</span> <span class='ocrx_word' id='word_1_235' title='bbox 406 2971 461 3042; x_wconf 88' lang='lat' dir='ltr'>IX,</span> <span class='ocrx_word' id='word_1_236' title='bbox 476 2977 545 3030; x_wconf 87' lang='grc'><strong>383.</strong></span> <span class='ocrx_word' id='word_1_237' title='bbox 586 2969 671 3028; x_wconf 81' lang='lat' dir='ltr'>eonf.</span> <span class='ocrx_word' id='word_1_238' title='bbox 685 2968 756 3027; x_wconf 89' lang='lat' dir='ltr'>Mel.</span> <span class='ocrx_word' id='word_1_239' title='bbox 773 2969 798 3040; x_wconf 94' lang='lat' dir='ltr'>I,</span> <span class='ocrx_word' id='word_1_240' title='bbox 813 2977 842 3038; x_wconf 90' lang='grc'><strong>9.</strong></span> <span class='ocrx_word' id='word_1_241' title='bbox 861 2978 892 3029; x_wconf 88' lang='lat' dir='ltr'>et</span> <span class='ocrx_word' id='word_1_242' title='bbox 905 2967 957 3028; x_wconf 81' lang='lat' dir='ltr'>inf.</span> <span class='ocrx_word' id='word_1_243' title='bbox 971 2967 1038 3041; x_wconf 84' lang='lat' dir='ltr'>XV,</span> <span class='ocrx_word' id='word_1_244' title='bbox 1052 2969 1102 3030; x_wconf 85' lang='lat'>6.³</span> <span class='ocrx_word' id='word_1_245' title='bbox 1185 2974 1239 3033; x_wconf 69' lang='lat' dir='ltr'>Os.</span> 
     </span>
     <span class='ocr_line' id='line_1_26' title="bbox 102 3053 1239 3153; baseline 0.001 -19"><span class='ocrx_word' id='word_1_246' title='bbox 102 3075 139 3134; x_wconf 75' lang='lat' dir='ltr'>tia</span> <span class='ocrx_word' id='word_1_247' title='bbox 153 3075 222 3135; x_wconf 83' lang='lat' dir='ltr'>Nili</span> <span class='ocrx_word' id='word_1_248' title='bbox 236 3073 425 3136; x_wconf 84' lang='lat' dir='ltr'>celeberrima</span> <span class='ocrx_word' id='word_1_249' title='bbox 445 3083 566 3153; x_wconf 84' lang='lat' dir='ltr'>septem,</span> <span class='ocrx_word' id='word_1_250' title='bbox 577 3053 773 3152; x_wconf 53' lang='lat' dir='ltr'>&#39;Canopicum</span> <span class='ocrx_word' id='word_1_251' title='bbox 793 3070 985 3142; x_wconf 83' lang='lat' dir='ltr'>Bolbitiumn,</span> <span class='ocrx_word' id='word_1_252' title='bbox 1000 3071 1239 3153; x_wconf 81' lang='lat' dir='ltr'>Sebennyticum,</span> 
     </span>
     <span class='ocr_line' id='line_1_27' title="bbox 103 3175 1238 3257; baseline -0.001 -17"><span class='ocrx_word' id='word_1_253' title='bbox 103 3175 310 3251; x_wconf 79' lang='lat' dir='ltr'>Phumiticum,</span> <span class='ocrx_word' id='word_1_254' title='bbox 332 3177 529 3251; x_wconf 87' lang='lat' dir='ltr'>Mendesium,</span> <span class='ocrx_word' id='word_1_255' title='bbox 551 3175 730 3250; x_wconf 82' lang='lat' dir='ltr'>Taniticum,</span> <span class='ocrx_word' id='word_1_256' title='bbox 752 3175 935 3236; x_wconf 84' lang='lat' dir='ltr'>Pelusiacum</span> <span class='ocrx_word' id='word_1_257' title='bbox 948 3175 979 3234; x_wconf 86' lang='lat'>:⁴</span> <span class='ocrx_word' id='word_1_258' title='bbox 999 3195 1066 3257; x_wconf 81' lang='lat' dir='ltr'>quae</span> <span class='ocrx_word' id='word_1_259' title='bbox 1079 3177 1176 3238; x_wconf 84' lang='lat' dir='ltr'>adhuc</span> <span class='ocrx_word' id='word_1_260' title='bbox 1190 3200 1238 3240; x_wconf 91' lang='lat' dir='ltr'>su·</span> 
     </span>
     <span class='ocr_line' id='line_1_28' title="bbox 103 3279 1237 3360; baseline 0.002 -18"><span class='ocrx_word' id='word_1_261' title='bbox 103 3302 216 3360; x_wconf 86' lang='lat' dir='ltr'>peressc</span> <span class='ocrx_word' id='word_1_262' title='bbox 239 3282 329 3343; x_wconf 81' lang='lat' dir='ltr'>tradit</span> <span class='ocrx_word' id='word_1_263' title='bbox 353 3281 500 3342; x_wconf 76' lang='lat' dir='ltr'>Pocock.⁶</span> <span class='ocrx_word' id='word_1_264' title='bbox 524 3279 605 3341; x_wconf 88' lang='lat' dir='ltr'>unde</span> <span class='ocrx_word' id='word_1_265' title='bbox 624 3279 711 3340; x_wconf 91' lang='lat' dir='ltr'>Nilus</span> <span class='ocrx_word' id='word_1_266' title='bbox 731 3279 840 3339; x_wconf 87' lang='lat' dir='ltr'>dicitur</span> <span class='ocrx_word' id='word_1_267' title='bbox 859 3279 1034 3359; x_wconf 74' lang='lat' dir='ltr'>septemfluus</span> <span class='ocrx_word' id='word_1_268' title='bbox 1054 3279 1143 3340; x_wconf 90' lang='lat' dir='ltr'>Ovid.</span> <span class='ocrx_word' id='word_1_269' title='bbox 1164 3281 1237 3344; x_wconf 82' lang='lat' dir='ltr'>Met.</span> 
     </span>
     <span class='ocr_line' id='line_1_29' title="bbox 104 3375 1235 3462; baseline -0.002 -20"><span class='ocrx_word' id='word_1_270' title='bbox 104 3382 167 3456; x_wconf 86' lang='lat' dir='ltr'>XV,</span> <span class='ocrx_word' id='word_1_271' title='bbox 182 3390 255 3451; x_wconf 82' lang='grc'><strong>753.</strong></span> <span class='ocrx_word' id='word_1_272' title='bbox 268 3379 434 3462; x_wconf 71' lang='lat' dir='ltr'>septemplex</span> <span class='ocrx_word' id='word_1_273' title='bbox 447 3380 518 3441; x_wconf 70' lang='lat' dir='ltr'>niu</span> <span class='ocrx_word' id='word_1_274' title='bbox 532 3379 570 3451; x_wconf 85' lang='lat' dir='ltr'>V,</span> <span class='ocrx_word' id='word_1_275' title='bbox 588 3386 656 3448; x_wconf 88' lang='grc'><strong>137.</strong></span> <span class='ocrx_word' id='word_1_276' title='bbox 675 3378 902 3460; x_wconf 78' lang='lat' dir='ltr'>septemgeminus</span> <span class='ocrx_word' id='word_1_277' title='bbox 915 3375 1000 3457; x_wconf 82' lang='lat' dir='ltr'>Virg.</span> <span class='ocrx_word' id='word_1_278' title='bbox 1015 3379 1083 3439; x_wconf 79' lang='lat' dir='ltr'>liin.</span> <span class='ocrx_word' id='word_1_279' title='bbox 1097 3379 1151 3451; x_wconf 90' lang='lat' dir='ltr'>VI,</span> <span class='ocrx_word' id='word_1_280' title='bbox 1168 3389 1235 3442; x_wconf 90' lang='grc'><strong>801.</strong></span> 
     </span>
     <span class='ocr_line' id='line_1_30' title="bbox 103 3474 1236 3560; baseline 0.001 -18"><span class='ocrx_word' id='word_1_281' title='bbox 103 3514 140 3531; x_wconf 91' lang='grc'><strong>-</strong></span> <span class='ocrx_word' id='word_1_282' title='bbox 152 3482 218 3541; x_wconf 78' lang='lat' dir='ltr'>Nili</span> <span class='ocrx_word' id='word_1_283' title='bbox 236 3481 341 3554; x_wconf 72' lang='lat' dir='ltr'>diuitis,</span> <span class='ocrx_word' id='word_1_284' title='bbox 362 3481 432 3560; x_wconf 80' lang='lat' dir='ltr'>quis</span> <span class='ocrx_word' id='word_1_285' title='bbox 450 3478 553 3541; x_wconf 90' lang='lat' dir='ltr'>maltis</span> <span class='ocrx_word' id='word_1_286' title='bbox 564 3491 668 3539; x_wconf 88' lang='lat' dir='ltr'>auctus</span> <span class='ocrx_word' id='word_1_287' title='bbox 683 3477 779 3538; x_wconf 85' lang='lat' dir='ltr'>fluviis</span> <span class='ocrx_word' id='word_1_288' title='bbox 793 3486 823 3536; x_wconf 87' lang='lat' dir='ltr'>et</span> <span class='ocrx_word' id='word_1_289' title='bbox 842 3496 895 3555; x_wconf 87' lang='lat' dir='ltr'>per·</span> <span class='ocrx_word' id='word_1_290' title='bbox 914 3474 1001 3555; x_wconf 86' lang='lat' dir='ltr'>plura</span> <span class='ocrx_word' id='word_1_291' title='bbox 1013 3479 1085 3538; x_wconf 82' lang='lat' dir='ltr'>ostia</span> <span class='ocrx_word' id='word_1_292' title='bbox 1104 3479 1135 3538; x_wconf 92' lang='lat' dir='ltr'>in</span> <span class='ocrx_word' id='word_1_293' title='bbox 1155 3501 1236 3543; x_wconf 82' lang='lat' dir='ltr'>mare</span> 
     </span>
     <span class='ocr_line' id='line_1_31' title="bbox 103 3573 1236 3660; baseline 0.003 -22"><span class='ocrx_word' id='word_1_294' title='bbox 103 3579 255 3640; x_wconf 85' lang='lat' dir='ltr'>Mediterr.</span> <span class='ocrx_word' id='word_1_295' title='bbox 278 3577 458 3649; x_wconf 82' lang='lat' dir='ltr'>effunditur;</span> <span class='ocrx_word' id='word_1_296' title='bbox 477 3576 527 3637; x_wconf 88' lang='lat' dir='ltr'>vei</span> <span class='ocrx_word' id='word_1_297' title='bbox 547 3577 616 3658; x_wconf 85' lang='lat' dir='ltr'>quis</span> <span class='ocrx_word' id='word_1_298' title='bbox 636 3575 828 3637; x_wconf 87' lang='lat' dir='ltr'>inundatione</span> <span class='ocrx_word' id='word_1_299' title='bbox 847 3573 975 3656; x_wconf 88' lang='lat' dir='ltr'>limoque</span> <span class='ocrx_word' id='word_1_300' title='bbox 995 3597 1048 3638; x_wconf 90' lang='lat' dir='ltr'>suo</span> <span class='ocrx_word' id='word_1_301' title='bbox 1067 3577 1236 3660; x_wconf 86' lang='lat' dir='ltr'>AEgyptum</span> 
     </span>
     <span class='ocr_line' id='line_1_32' title="bbox 103 3677 398 3740; baseline 0.003 -3"><span class='ocrx_word' id='word_1_302' title='bbox 103 3677 171 3738; x_wconf 80' lang='lat' dir='ltr'>diut</span> <span class='ocrx_word' id='word_1_303' title='bbox 184 3701 212 3739; x_wconf 79' lang='lat' dir='ltr'>s.</span> <span class='ocrx_word' id='word_1_304' title='bbox 225 3677 398 3740; x_wconf 60' lang='lat' dir='ltr'>secundm</span> 
     </span>
    </p>

    <p class='ocr_par' dir='ltr' id='par_1_6' title="bbox 138 3776 1234 3859">
     <span class='ocr_line' id='line_1_33' title="bbox 138 3776 1234 3859; baseline 0 -18"><span class='ocrx_word' id='word_1_305' title='bbox 138 3787 269 3842; x_wconf 76' lang='lat'>28-30.</span> <span class='ocrx_word' id='word_1_306' title='bbox 291 3779 366 3844; x_wconf 83' lang='lat' dir='ltr'>llaec</span> <span class='ocrx_word' id='word_1_307' title='bbox 379 3780 459 3841; x_wconf 87' lang='lat' dir='ltr'>varic</span> <span class='ocrx_word' id='word_1_308' title='bbox 479 3788 632 3859; x_wconf 83' lang='lat' dir='ltr'>exponunt</span> <span class='ocrx_word' id='word_1_309' title='bbox 644 3776 851 3859; x_wconf 80' lang='lat' dir='ltr'>interpretes.⁷</span> <span class='ocrx_word' id='word_1_310' title='bbox 891 3777 921 3836; x_wconf 93' lang='lat' dir='ltr'>N</span> <span class='ocrx_word' id='word_1_311' title='bbox 922 3777 1084 3840; x_wconf 69' lang='lat' dir='ltr'>ocissimum</span> <span class='ocrx_word' id='word_1_312' title='bbox 1097 3800 1168 3840; x_wconf 83' lang='lat' dir='ltr'>vero</span> <span class='ocrx_word' id='word_1_313' title='bbox 1181 3792 1234 3853; x_wconf 86' lang='lat' dir='ltr'>est,</span> 
     </span>
    </p>
   </div>
   <div class='ocr_carea' id='block_1_6' title="bbox 103 3957 1235 4549">
    <p class='ocr_par' dir='ltr' id='par_1_7' title="bbox 103 3957 1235 4087">
     <span class='ocr_line' id='line_1_34' title="bbox 129 3957 1234 4025; baseline 0 -14"><span class='ocrx_word' id='word_1_314' title='bbox 129 3963 140 3992; x_wconf 90' lang='lat'><strong>¹</strong></span> <span class='ocrx_word' id='word_1_315' title='bbox 156 3962 197 4011; x_wconf 81' lang='lat' dir='ltr'>ci·</span> <span class='ocrx_word' id='word_1_316' title='bbox 206 3961 239 4012; x_wconf 81' lang='lat' dir='ltr'>sd</span> <span class='ocrx_word' id='word_1_317' title='bbox 250 3961 299 4017; x_wconf 87' lang='lat' dir='ltr'>VI,</span> <span class='ocrx_word' id='word_1_318' title='bbox 310 3965 367 4010; x_wconf 73' lang='lat'>208.</span> <span class='ocrx_word' id='word_1_319' title='bbox 379 3960 454 4022; x_wconf 74' lang='lat' dir='ltr'>intpp.</span> <span class='ocrx_word' id='word_1_320' title='bbox 466 3958 554 4009; x_wconf 75' lang='lat' dir='ltr'>Horss.</span> <span class='ocrx_word' id='word_1_321' title='bbox 567 3959 615 4008; x_wconf 83' lang='lat' dir='ltr'>0d.</span> <span class='ocrx_word' id='word_1_322' title='bbox 627 3960 650 4020; x_wconf 91' lang='lat'>1,</span> <span class='ocrx_word' id='word_1_323' title='bbox 685 3961 717 4018; x_wconf 88' lang='lat' dir='ltr'>V,</span> <span class='ocrx_word' id='word_1_324' title='bbox 739 3965 776 4010; x_wconf 74' lang='grc'>101</span> <span class='ocrx_word' id='word_1_325' title='bbox 795 3976 814 4008; x_wconf 85' lang='lat' dir='ltr'>s.</span> <span class='ocrx_word' id='word_1_326' title='bbox 835 3963 870 4008; x_wconf 88' lang='grc'>11.</span> <span class='ocrx_word' id='word_1_327' title='bbox 890 3959 944 4025; x_wconf 83' lang='lat' dir='ltr'>(ubi</span> <span class='ocrx_word' id='word_1_328' title='bbox 957 3961 988 4008; x_wconf 78' lang='lat' dir='ltr'>cl.</span> <span class='ocrx_word' id='word_1_329' title='bbox 1006 3959 1095 4021; x_wconf 82' lang='lat' dir='ltr'>Hord.)</span> <span class='ocrx_word' id='word_1_330' title='bbox 1116 3957 1234 4011; x_wconf 73' lang='lat' dir='ltr'>Herodoc.</span> 
     </span>
     <span class='ocr_line' id='line_1_35' title="bbox 103 4024 1235 4087; baseline 0.004 -14"><span class='ocrx_word' id='word_1_331' title='bbox 103 4031 298 4085; x_wconf 74' lang='lat'>³3,12.55,28.</span> <span class='ocrx_word' id='word_1_332' title='bbox 312 4027 387 4086; x_wconf 72' lang='lat' dir='ltr'>11,s,</span> <span class='ocrx_word' id='word_1_333' title='bbox 403 4032 423 4074; x_wconf 92' lang='grc'>1.</span> <span class='ocrx_word' id='word_1_334' title='bbox 684 4025 723 4085; x_wconf 90' lang='lat'>11,</span> <span class='ocrx_word' id='word_1_335' title='bbox 746 4033 785 4076; x_wconf 86' lang='grc'>11.</span> <span class='ocrx_word' id='word_1_336' title='bbox 808 4024 909 4074; x_wconf 84' lang='lat' dir='ltr'>Diodor.</span> <span class='ocrx_word' id='word_1_337' title='bbox 927 4027 949 4084; x_wconf 92' lang='lat'>1,</span> <span class='ocrx_word' id='word_1_338' title='bbox 968 4031 1008 4074; x_wconf 79' lang='grc'>55.</span> <span class='ocrx_word' id='word_1_339' title='bbox 1032 4026 1120 4075; x_wconf 75' lang='lat' dir='ltr'>Athen.</span> <span class='ocrx_word' id='word_1_340' title='bbox 1139 4025 1178 4087; x_wconf 90' lang='lat' dir='ltr'>II,</span> <span class='ocrx_word' id='word_1_341' title='bbox 1197 4034 1235 4078; x_wconf 88' lang='grc'><strong>90.</strong></span> 
     </span>
    </p>

    <p class='ocr_par' dir='ltr' id='par_1_8' title="bbox 103 4083 1232 4484">
     <span class='ocr_line' id='line_1_36' title="bbox 130 4083 907 4154; baseline -0.004 -14"><span class='ocrx_word' id='word_1_342' title='bbox 130 4094 141 4123; x_wconf 81' lang='lat'>&#39;</span> <span class='ocrx_word' id='word_1_343' title='bbox 156 4091 235 4140; x_wconf 77' lang='lat' dir='ltr'>Fuere</span> <span class='ocrx_word' id='word_1_344' title='bbox 250 4099 275 4140; x_wconf 78' lang='lat' dir='ltr'>et</span> <span class='ocrx_word' id='word_1_345' title='bbox 289 4092 344 4150; x_wconf 81' lang='lat' dir='ltr'>elis,</span> <span class='ocrx_word' id='word_1_346' title='bbox 361 4091 403 4139; x_wconf 86' lang='lat' dir='ltr'>scd</span> <span class='ocrx_word' id='word_1_347' title='bbox 418 4090 511 4139; x_wconf 76' lang='lat' dir='ltr'>minum</span> <span class='ocrx_word' id='word_1_348' title='bbox 527 4098 552 4139; x_wconf 80' lang='lat' dir='ltr'>et</span> <span class='ocrx_word' id='word_1_349' title='bbox 568 4088 650 4138; x_wconf 84' lang='lat' dir='ltr'>minus</span> <span class='ocrx_word' id='word_1_350' title='bbox 681 4083 761 4154; x_wconf 74' lang='lat' dir='ltr'>ibique</span> <span class='ocrx_word' id='word_1_351' title='bbox 773 4091 907 4154; x_wconf 79' lang='lat' dir='ltr'>Schweigh.</span> 
     </span>
     <span class='ocr_line' id='line_1_37' title="bbox 103 4154 1232 4224; baseline 0.005 -22"><span class='ocrx_word' id='word_1_352' title='bbox 103 4155 455 4223; x_wconf 75' lang='lat' dir='ltr'>eunhujusnominisoppidu</span> <span class='ocrx_word' id='word_1_353' title='bbox 469 4154 495 4202; x_wconf 85' lang='lat' dir='ltr'>ia</span> <span class='ocrx_word' id='word_1_354' title='bbox 513 4155 651 4204; x_wconf 76' lang='lat' dir='ltr'>Phthiotide</span> <span class='ocrx_word' id='word_1_355' title='bbox 712 4157 824 4205; x_wconf 71' lang='lat' dir='ltr'>‘quen</span> <span class='ocrx_word' id='word_1_356' title='bbox 840 4156 871 4205; x_wconf 92' lang='grc' dir='ltr'><strong>Τ.</strong></span> <span class='ocrx_word' id='word_1_357' title='bbox 886 4155 908 4204; x_wconf 90' lang='lat'>1.</span> <span class='ocrx_word' id='word_1_358' title='bbox 927 4170 950 4217; x_wconf 82' lang='lat' dir='ltr'>p.</span> <span class='ocrx_word' id='word_1_359' title='bbox 967 4159 999 4206; x_wconf 80' lang='lat'>29</span> <span class='ocrx_word' id='word_1_360' title='bbox 1015 4168 1062 4219; x_wconf 82' lang='lat' dir='ltr'>seq.</span> <span class='ocrx_word' id='word_1_361' title='bbox 1078 4163 1104 4203; x_wconf 80' lang='lat' dir='ltr'>et</span> <span class='ocrx_word' id='word_1_362' title='bbox 1119 4161 1168 4206; x_wconf 82' lang='grc'>483</span> <span class='ocrx_word' id='word_1_363' title='bbox 1183 4173 1232 4224; x_wconf 82' lang='lat' dir='ltr'>seq.</span> 
     </span>
     <span class='ocr_line' id='line_1_38' title="bbox 104 4220 834 4289; baseline 0 -19"><span class='ocrx_word' id='word_1_364' title='bbox 104 4221 214 4280; x_wconf 60' lang='lat' dir='ltr'>lbani..</span> <span class='ocrx_word' id='word_1_365' title='bbox 233 4222 309 4288; x_wconf 86' lang='lat' dir='ltr'>(Plio.</span> <span class='ocrx_word' id='word_1_366' title='bbox 320 4222 418 4289; x_wconf 59' lang='lat' dir='ltr'>lv,‚s)</span> <span class='ocrx_word' id='word_1_367' title='bbox 428 4222 455 4270; x_wconf 88' lang='lat' dir='ltr'>iu</span> <span class='ocrx_word' id='word_1_368' title='bbox 467 4220 577 4270; x_wconf 82' lang='lat' dir='ltr'>Cilicius.</span> <span class='ocrx_word' id='word_1_369' title='bbox 592 4221 648 4282; x_wconf 79' lang='lat' dir='ltr'>My·</span> <span class='ocrx_word' id='word_1_370' title='bbox 681 4237 740 4270; x_wconf 80' lang='lat' dir='ltr'>vers.</span> <span class='ocrx_word' id='word_1_371' title='bbox 752 4223 834 4272; x_wconf 83' lang='lat' dir='ltr'>Germ.</span> 
     </span>
     <span class='ocr_line' id='line_1_39' title="bbox 103 4283 1232 4352; baseline 0.004 -17"><span class='ocrx_word' id='word_1_372' title='bbox 103 4289 140 4342; x_wconf 80' lang='lat' dir='ltr'>sla,</span> <span class='ocrx_word' id='word_1_373' title='bbox 158 4289 250 4352; x_wconf 77' lang='lat' dir='ltr'>(Hom.</span> <span class='ocrx_word' id='word_1_374' title='bbox 274 4287 305 4338; x_wconf 84' lang='grc' dir='ltr'><strong>ΙΙ.</strong></span> <span class='ocrx_word' id='word_1_375' title='bbox 324 4292 348 4346; x_wconf 77' lang='lat' dir='ltr'>li,</span> <span class='ocrx_word' id='word_1_376' title='bbox 368 4293 425 4339; x_wconf 83' lang='grc'><strong>691.</strong></span> <span class='ocrx_word' id='word_1_377' title='bbox 446 4289 535 4348; x_wconf 57' lang='lat' dir='ltr'>mul.</span> <span class='ocrx_word' id='word_1_378' title='bbox 560 4286 650 4348; x_wconf 76' lang='lat' dir='ltr'>suph..</span> <span class='ocrx_word' id='word_1_379' title='bbox 714 4288 725 4316; x_wconf 84' lang='lat'>⁸</span> <span class='ocrx_word' id='word_1_380' title='bbox 744 4287 894 4351; x_wconf 76' lang='lat' dir='ltr'>Graugaeus:</span> <span class='ocrx_word' id='word_1_381' title='bbox 914 4291 931 4318; x_wconf 84' lang='lat'><strong>“</strong></span> <span class='ocrx_word' id='word_1_382' title='bbox 943 4283 1232 4350; x_wconf 78' lang='lat' dir='ltr'>quisliuitarenssores,</span> 
     </span>
     <span class='ocr_line' id='line_1_40' title="bbox 105 4349 1121 4417; baseline -0.001 -16"><span class='ocrx_word' id='word_1_383' title='bbox 105 4353 177 4402; x_wconf 68' lang='lat' dir='ltr'>&amp;nb-</span> <span class='ocrx_word' id='word_1_384' title='bbox 193 4354 277 4403; x_wconf 60' lang='grc' dir='ltr'><strong>ΗΠ.</strong></span> <span class='ocrx_word' id='word_1_385' title='bbox 287 4369 311 4416; x_wconf 80' lang='lat' dir='ltr'>p·</span> <span class='ocrx_word' id='word_1_386' title='bbox 321 4358 377 4404; x_wconf 85' lang='lat'>¹110.</span> <span class='ocrx_word' id='word_1_387' title='bbox 387 4353 429 4414; x_wconf 74' lang='lat' dir='ltr'>al.)</span> <span class='ocrx_word' id='word_1_388' title='bbox 441 4352 466 4400; x_wconf 82' lang='lat' dir='ltr'>in</span> <span class='ocrx_word' id='word_1_389' title='bbox 479 4351 569 4401; x_wconf 67' lang='lat' dir='ltr'>Arabi}</span> <span class='ocrx_word' id='word_1_390' title='bbox 579 4349 650 4411; x_wconf 75' lang='lat' dir='ltr'>felici,</span> <span class='ocrx_word' id='word_1_391' title='bbox 682 4352 749 4400; x_wconf 78' lang='lat' dir='ltr'>undo</span> <span class='ocrx_word' id='word_1_392' title='bbox 760 4353 868 4401; x_wconf 77' lang='lat' dir='ltr'>cedreno</span> <span class='ocrx_word' id='word_1_393' title='bbox 878 4351 955 4400; x_wconf 74' lang='lat' dir='ltr'>dictus</span> <span class='ocrx_word' id='word_1_394' title='bbox 965 4351 1121 4417; x_wconf 56' lang='lat' dir='ltr'>muruffluss’</span> 
     </span>
     <span class='ocr_line' id='line_1_41' title="bbox 105 4415 1232 4484; baseline 0 -19"><span class='ocrx_word' id='word_1_395' title='bbox 105 4418 232 4481; x_wconf 84' lang='lat' dir='ltr'>(Prolcm.)</span> <span class='ocrx_word' id='word_1_396' title='bbox 247 4419 333 4472; x_wconf 75' lang='lat' dir='ltr'>Attica,</span> <span class='ocrx_word' id='word_1_397' title='bbox 346 4418 455 4484; x_wconf 71' lang='lat' dir='ltr'>(suph.)</span> <span class='ocrx_word' id='word_1_398' title='bbox 468 4417 617 4467; x_wconf 73' lang='lat' dir='ltr'>Corsicooet.</span> <span class='ocrx_word' id='word_1_399' title='bbox 714 4419 725 4446; x_wconf 79' lang='lat'>&#39;</span> <span class='ocrx_word' id='word_1_400' title='bbox 742 4417 861 4466; x_wconf 85' lang='lat' dir='ltr'>Nonnulli</span> <span class='ocrx_word' id='word_1_401' title='bbox 878 4417 926 4465; x_wconf 77' lang='lat' dir='ltr'>isa:</span> <span class='ocrx_word' id='word_1_402' title='bbox 949 4415 1059 4464; x_wconf 77' lang='lat' dir='ltr'>Vivimus</span> <span class='ocrx_word' id='word_1_403' title='bbox 1074 4431 1103 4464; x_wconf 93' lang='lat' dir='ltr'>eo</span> <span class='ocrx_word' id='word_1_404' title='bbox 1119 4427 1232 4480; x_wconf 81' lang='lat' dir='ltr'>tempore,</span> 
     </span>
    </p>

    <p class='ocr_par' dir='ltr' id='par_1_9' title="bbox 130 4481 1232 4549">
     <span class='ocr_line' id='line_1_42' title="bbox 130 4481 1232 4549; baseline 0 -17"><span class='ocrx_word' id='word_1_405' title='bbox 130 4487 177 4532; x_wconf 82' lang='lat' dir='ltr'>⁴s.</span> <span class='ocrx_word' id='word_1_406' title='bbox 193 4485 270 4533; x_wconf 72' lang='lat' dir='ltr'>serub.</span> <span class='ocrx_word' id='word_1_407' title='bbox 286 4484 378 4534; x_wconf 84' lang='lat' dir='ltr'>xvu.</span> <span class='ocrx_word' id='word_1_408' title='bbox 396 4501 419 4547; x_wconf 82' lang='lat' dir='ltr'>p.</span> <span class='ocrx_word' id='word_1_409' title='bbox 435 4489 491 4533; x_wconf 89' lang='grc'><strong>801.</strong></span> <span class='ocrx_word' id='word_1_410' title='bbox 507 4489 562 4532; x_wconf 75' lang='grc'><strong>802.</strong></span> <span class='ocrx_word' id='word_1_411' title='bbox 586 4481 648 4532; x_wconf 84' lang='lat' dir='ltr'>Plio.</span> <span class='ocrx_word' id='word_1_412' title='bbox 682 4483 747 4549; x_wconf 86' lang='lat' dir='ltr'>quod</span> <span class='ocrx_word' id='word_1_413' title='bbox 765 4495 874 4548; x_wconf 82' lang='lat' dir='ltr'>quotuor,</span> <span class='ocrx_word' id='word_1_414' title='bbox 894 4482 927 4530; x_wconf 82' lang='lat' dir='ltr'>sic</span> <span class='ocrx_word' id='word_1_415' title='bbox 943 4482 1024 4540; x_wconf 78' lang='lat' dir='ltr'>dictus,</span> <span class='ocrx_word' id='word_1_416' title='bbox 1043 4482 1129 4531; x_wconf 87' lang='lat' dir='ltr'>muudi</span> <span class='ocrx_word' id='word_1_417' title='bbox 1144 4495 1232 4541; x_wconf 71' lang='lat' dir='ltr'>euru,</span> 
     </span>
    </p>
   </div>
   <div class='ocr_carea' id='block_1_7' title="bbox 0 0 1554 5250">
    <p class='ocr_par' dir='ltr' id='par_1_10' title="bbox 0 0 1554 5250">
     <span class='ocr_line' id='line_1_43' title="bbox 0 0 1554 5250; baseline 0 0"><span class='ocrx_word' id='word_1_418' title='bbox 0 0 1554 5250; x_wconf 95' lang='lat' dir='ltr'> </span> 
     </span>
    </p>
   </div>
  </div>
 </body>
</html>
