3100 5250
300 441 343 499 ss
625 402 629 413 “
672 432 1065 501 consumamus

299 600 341 659 tio
360 600 484 661 vertitur
505 618 559 677 pro
583 600 693 665 ratione
714 599 812 679 digiti,
837 621 897 680 quo
918 600 995 661 faeta
1014 598 1074 659 fuit
1095 598 1326 661 desuonstratio:
1347 601 1450 666 indici

299 700 377 759 enim
400 698 473 769 laus,
495 698 594 757 medio
611 699 806 779 vituperium:
831 700 912 759 unde
935 700 1126 779 proverbium
1152 699 1270 759 medium
1296 701 1451 761 ostendere

297 801 423 882 digitum,
443 802 480 861 ‹le
501 822 561 880 quo
582 822 610 861 v.
631 803 683 863 inf.
698 804 736 863 sd
757 806 798 876 X,
814 805 880 865 533¹
919 805 956 864 In
969 804 1087 863 laudem
1104 803 1212 881 passim
1226 804 1272 862 lie
1284 812 1325 863 eet
1338 815 1370 865 et
1386 805 1447 865 Gr.

296 897 368 967 sisar
380 902 463 967 inissa
476 899 584 961 dicitur
597 900 635 960 de
649 902 766 961 bomine
781 897 899 971 celebri,
915 902 968 981 qui
981 901 1083 979 digitis
1096 901 1338 979 praetemunuom
1351 922 1445 968 rnen-
1533 913 1534 918 ’

296 1012 409 1061 stratur.
442 1001 635 1081 Conf..intpp.
651 1003 725 1061 Hor.
741 1003 801 1063 Od.
815 1005 869 1073 lV,
883 1013 912 1075 3,
927 1012 977 1063 23.
991 1006 1071 1065 Pero
1086 1005 1112 1073 1,
1126 1011 1175 1065 28.
1190 1005 1318 1065 Martial.
1331 1006 1367 1077 -V,
1387 1014 1446 1069 13.

295 1101 349 1169 IX,
364 1106 413 1171 98,
429 1107 457 1159 4.
479 1099 601 1160 Lucisn.
615 1100 646 1159 in
662 1100 806 1161 Hermon.
822 1124 847 1163 c.
865 1112 891 1162 1.
905 1114 935 1163 et
948 1102 979 1161 in
994 1102 1115 1161 Somnio
1128 1123 1155 1162 c.
1172 1110 1219 1163 11.

337 1200 504 1263 162-164.
526 1202 633 1263 Tutius
657 1224 691 1263 ac
716 1204 780 1263 sine
802 1203 935 1283 periculo
955 1204 1100 1283 tragicum
1122 1204 1168 1265 vel
1188 1203 1307 1282 epicum
1326 1204 1443 1265 scribes
1532 1227 1535 1235 ·

293 1324 409 1367 carmen
423 1318 664 1385 mortuorumque
678 1307 768 1367 vitam
784 1328 819 1367 ac
831 1308 908 1368 facta
921 1328 1057 1387 expones.
1099 1308 1239 1387 Suspicor
1259 1320 1350 1387 poete
1367 1308 1441 1367 h.l.
1534 1329 1535 1346 .

292 1415 360 1465 unte
373 1405 473 1464 oculos
486 1405 576 1465 fuisse
591 1405 695 1465 Horst.
710 1406 771 1465 Sat.
786 1406 828 1475 ll,
847 1415 874 1476 1,
892 1411 930 1467 10
942 1424 1004 1483 seq.
1023 1404 1077 1463 ubi
1098 1403 1256 1465 Trebatius
1268 1405 1345 1464 idern
1359 1425 1439 1465 con·
1534 1441 1535 1460 2

293 1500 388 1561 silium
404 1502 457 1561 dat
470 1502 601 1563 Horatio.
683 1502 797 1563 licet-
806 1503 967 1575 mutem,
982 1521 1101 1562 carmen
1115 1501 1242 1561 scribere
1255 1501 1331 1574 linet,
1344 1500 1439 1579 quale

292 1598 435 1677 Virgilius
449 1599 573 1677 scripsit,
591 1601 629 1660 de
642 1600 753 1679 proeliis
767 1600 1033 1678 certaminibusque
1046 1598 1147 1660 AErseoe
1160 1610 1191 1658 et
1203 1598 1304 1659 Rusti
1312 1598 1440 1677 ferocis,

291 1698 383 1768 fortis,
397 1700 427 1758 h.
441 1719 467 1757 e.
482 1698 585 1759 Turni.
666 1699 841 1759 committere
853 1708 888 1759 ut
899 1716 1063 1776 comparare
1076 1706 1107 1757 et
1120 1714 1279 1777 oompouere
1292 1715 1346 1773 par
1359 1697 1440 1775 pari,

291 1802 391 1861 voosb.
411 1821 511 1881 propr.
526 1802 564 1861 de
583 1800 806 1881 gladiatoribus,
829 1800 956 1873 athletis,
978 1798 1180 1867 histrionibus,
1202 1799 1390 1877 pantomimis
1405 1809 1442 1859 et

289 1900 496 1961 certuninibue
510 1898 558 1959 vel
572 1900 704 1959 oratoriis
718 1900 766 1959 vel
780 1900 910 1981 poeticis.
920 1898 946 1936 θ’
1024 1897 1094 1957 nulli
1106 1896 1208 1976 grooir
1221 1904 1269 1967 ert,
1284 1896 1441 1955 timendus

290 2014 320 2063 et
332 2002 513 2082 periculosus
523 2024 533 2073 3
555 2002 626 2081 quis
645 2002 793 2061 neminem
814 2001 945 2071 offendit,
965 2001 1098 2070 Achilles,
1120 1999 1239 2060 historie
1253 2000 1291 2057 de
1303 1999 1440 2069 Achille,

290 2107 339 2183 (ut
351 2126 420 2167 mox
435 2105 551 2185 Hylas)
574 2124 734 2183 permissus,
756 2126 774 2163 a
800 2105 905 2163 Paride
923 2124 977 2183 per
997 2103 1117 2165 insidias
1135 2102 1247 2181 sagittis
1264 2101 1438 2172 transfixus,

289 2224 380 2283 quare
400 2224 459 2265 non
480 2204 607 2283 emplius
625 2222 731 2263 nocere
748 2214 856 2283 potest
876 2222 904 2261 v.
926 2202 1016 2261 Hom.
1038 2201 1074 2259 ll.
1093 2208 1209 2287 74359.
1230 2211 1262 2259 et
1275 2199 1384 2279 Odyss.
1402 2222 1437 2269 ss,

288 2306 329 2368 36
354 2328 414 2385 seq.
441 2306 523 2385 Virg.
547 2307 616 2365 AEn.
637 2305 693 2375 Vl,
717 2312 765 2371 57.
794 2305 909 2383 Hygin.
930 2304 1002 2363 Fsb.
1028 2303 1125 2366 cv11.
1147 2303 1199 2361 ubi
1223 2323 1251 2360 u.
1273 2301 1435 2361 Muncker.

287 2412 453 2489 Grsugaeus
472 2410 605 2488 putabat,
629 2407 805 2467 Juvenalem
827 2407 934 2484 legisse
952 2420 984 2465 et
1002 2406 1035 2465 in
1054 2405 1153 2465 animo
1172 2404 1310 2465 habuisse
1332 2402 1434 2463 locum

288 2512 376 2571 Ouid.
392 2512 481 2570 Trist
497 2510 539 2582 11,
554 2518 623 2568 411.
638 2517 707 2569 412.
721 2544 762 2559 ·-
776 2508 881 2588 Hylas,
905 2509 1027 2579 multum
1053 2506 1116 2577 diu,
1139 2509 1275 2587 quantur
1294 2508 1331 2565 ab
1352 2508 1433 2566 Her-

286 2613 353 2674 cule
367 2633 520 2691 urnamque
532 2622 651 2681 secutur,
673 2631 732 2672 uns
751 2633 822 2674 eum
842 2633 916 2672 urna
935 2614 1073 2694 delapsus
1092 2614 1124 2674 in
1138 2612 1299 2673 Ascanium
1320 2611 1433 2674 flumen

285 2722 315 2770 et
327 2721 428 2788 raptus
441 2730 459 2767 s
473 2710 502 2766 N
502 2708 638 2788 ymphist
659 2729 726 2786 quie
738 2709 848 2783 fabula,
862 2732 880 2768 a
893 2712 994 2772 multis
1003 2713 1098 2791 postis
1112 2714 1197 2790 (nam
1210 2711 1258 2772 eui
1269 2731 1322 2770 sor
1336 2711 1432 2772 dicim

286 2808 383 2887 Hylas
392 2807 492 2887 puer?
513 2806 597 2885 Virg.
613 2807 669 2866 Ge.
684 2807 744 2876 111,
759 2807 803 2888 6.)
823 2809 910 2868 variis
923 2811 1019 2870 modis
1032 2823 1076 2870 est
1089 2822 1219 2871 macuta
1228 2810 1253 2848 ⁶³
1297 2809 1430 2880 165-9.

284 2908 316 2968 si
331 2927 400 2968 vero
413 2915 500 2986 poete
513 2903 655 2974 satiricus,
668 2904 764 2983 qualis
776 2905 836 2965 fuit
849 2906 991 2978 Lucilius,
1003 2906 1168 2978 bominum,
1181 2907 1327 2986 precipue
1342 2908 1428 2965 viro·

283 3027 359 3078 rum,
374 3007 444 3068 vitis
458 3015 549 3076 notet,
567 3003 600 3064 hi
612 3003 784 3074 muniuibus,
806 3003 962 3064 criminum
976 3006 1162 3076 comnenus,
1186 3008 1235 3085 (ut
1248 3027 1316 3066 mox
1334 3006 1427 3066 tacito

282 3111 387 3187 culpo)
399 3105 521 3186 frigidi,
534 3104 683 3184 exagitati,
697 3105 787 3176 anxii,
802 3105 925 3184 (quibus
934 3105 1093 3184 forosidiue
1112 3107 1191 3187 turpi
1200 3106 1319 3186 frigido
1338 3109 1427 3168 cordo

281 3219 410 3279 omum,
426 3221 538 3270 ututur
553 3209 648 3268 verbis
663 3206 715 3270 Sil.
731 3207 773 3279 ll,
789 3215 859 3268 333.
881 3218 912 3268 et
924 3208 1011 3268 tacite
1023 3210 1126 3270 rudost
1143 3210 1304 3289 precordia
1316 3209 1424 3290 eulpa)

282 3315 390 3382 rubent,
414 3315 522 3372 rubore
535 3311 754 3380 suffunduntur,
779 3321 810 3371 et
829 3311 895 3370 inde
911 3310 963 3371 iroe
976 3322 1053 3384 sunt,
1074 3313 1114 3372 sd
1129 3313 1290 3373 vindictam
1309 3313 1425 3372 influus·

282 3425 408 3483 mentor,
434 3413 466 3471 iu
490 3412 632 3473 ultionem
652 3411 876 3475 excandescunt.
918 3415 1024 3476 Verbis
1042 3415 1147 3474 ardens
1165 3414 1310 3492 irfiessuit
1323 3436 1361 3476 sc
1374 3418 1424 3476 iu·

282 3509 501 3590 digrsubundus,
525 3519 555 3570 et
574 3531 638 3572 esse
656 3512 729 3572 uelut
749 3511 846 3570 stricto
866 3511 910 3571 vis
931 3523 961 3571 et
979 3512 1137 3572 acrimonia
1152 3513 1313 3574 Luciurnae
1325 3514 1425 3574 sotirae

280 3607 465 3688 exprimitur,
486 3605 524 3666 de
545 3626 604 3684 que
624 3628 652 3665 v.
674 3609 753 3670 Pers.
768 3608 793 3680 1,
811 3614 879 3667 114.
892 3614 919 3668 5.
944 3607 1053 3691 Horat,
1063 3610 1124 3670 Set.
1138 3610 1165 3682 1,
1180 3617 1209 3682 4,
1225 3609 1312 3671 1-6.
1334 3611 1423 3682 11,1,

280 3707 319 3768 63
334 3727 394 3785 seq.
436 3705 566 3764 Venuste
590 3717 688 3765 autem
710 3707 739 3765 h.
754 3707 774 3764 l.
798 3708 888 3766 verbu
911 3727 928 3764 a
950 3708 1039 3766 rebus
1066 3708 1212 3787 corporeis
1231 3709 1270 3768 ad
1287 3709 1423 3770 mimum

279 3810 493 3874 transferuntur
507 3818 537 3868 et
551 3807 637 3866 simul
652 3810 785 3887 oppositu
805 3809 855 3868 illa
866 3807 983 3890 frigere
1002 3821 1033 3870 et
1054 3811 1159 3873 rudore
1175 3811 1214 3870 de
1234 3813 1335 3871 eadem
1356 3815 1422 3874 fere

278 3911 454 3971 adhibentur
468 3925 509 3964 re.
530 3905 799 3980 contedv1‚649
812 3927 873 3986 seq.
887 3920 919 3968 et
929 3907 1079 3970 Husebkii
1088 3909 1174 3970 unul.
1186 3911 1251 3971 erit.
1265 3932 1296 3989 p.
1311 3919 1358 3970 32.
1369 3919 1421 3972 33.

279 4007 443 4086 Grangaeus
464 4005 675 4084 suspicabatur,
695 4016 812 4086 poetam
831 4025 990 4066 memorem
1010 4006 1101 4066 fuisse
1113 4007 1185 4067 dicti
1197 4007 1350 4086 Caligulas,
1364 4009 1419 4088 qui

309 4169 329 4198 '¹
340 4169 379 4217 Cf.
392 4169 477 4219 insted
489 4169 536 4224 vl.
550 4174 605 4219 313.
623 4177 648 4218 et
664 4173 720 4218 436.
739 4167 770 4216 sd
784 4167 827 4217 Sil.
864 4167 978 4232 Apollod.
997 4185 1020 4231 p.
1042 4173 1097 4218 185.
1118 4169 1248 4218 Muncker.
1270 4171 1300 4218 ad
1319 4171 1417 4235 Hygia.

279 4233 300 4290 l,
321 4239 360 4282 33.
385 4234 419 4290 X,
441 4239 480 4285 70.
504 4235 580 4292 xvi,
603 4239 660 4284 616·
686 4234 788 4284 Cuaub.
805 4244 830 4284 et
865 4233 922 4284 Feb.
938 4236 1194 4284 :tltessuumou
1210 4235 1265 4284 Lib.
1280 4241 1320 4284 26.
1334 4236 1418 4298 lnrpp.

280 4299 342 4347 Eru.
356 4297 388 4344 ad
410 4299 475 4348 Suet.
491 4301 575 4348 Ootsr.
594 4305 632 4350 89.
651 4307 676 4348 et
696 4299 772 4362 Calig-
788 4306 827 4352 53.
864 4299 971 4362 Propsrt
997 4301 1020 4359 Ι,
1040 4307 1078 4349 20.
1099 4311 1124 4348 et
1141 4301 1241 4350 'l'beoen
1265 4299 1304 4350 ld.
1330 4301 1417 4352 xut.

280 4361 435 4424 inemptis„
448 4364 496 4424 Ep.
508 4363 830 4419 vll‚ss.erLucsu.1.sr.
863 4365 989 4414 Sebelaci
1008 4365 1224 4427 Apollon.l,131.
1242 4375 1266 4414 et
1284 4371 1346 4416 120⁷
1363 4383 1414 4431 seq.

309 4429 330 4457 ⁸⁸
339 4443 360 4477 r.
377 4427 461 4476 Burm.
475 4429 551 4477 Catsl.
569 4430 673 4494 Argen,
693 4429 784 4493 Heyne
797 4429 830 4480 ad
864 4431 947 4482 Barth.
960 4431 991 4482 sd
1003 4431 1063 4482 Stet.
1078 4431 1154 4481 Theb.
1169 4431 1271 4491 11443.
