3100 5250
424 485 476 552 IN
496 485 660 554 JUVEN.
686 487 784 557 SAT.
808 489 872 556 1x.
1161 497 1226 558 403

67 657 156 718 tibus
169 660 295 730 vestris,
310 660 363 740 qui
376 671 480 724 vestras
491 663 606 724 libidini
617 664 818 737 satisfacimus,
826 663 940 744 aliquid
952 663 1053 725 datis?
1071 663 1225 726 Heinecke

69 755 137 816 hare
153 759 334 822 adnotavit:
355 771 375 802 “
389 763 457 823 Hoc
470 764 586 824 etmihi
599 765 844 825 verisimillimum
857 764 982 824 videtur.
1014 763 1070 825 Est
1082 765 1225 825 exclama-⁴

68 860 112 920 tio
126 873 236 940 poetoe
246 865 312 943 jam
325 884 385 924 nou
399 865 540 936 mirantis,
566 867 710 947 ejusmodi
730 867 864 927 homines
878 866 1032 926 clientibus
1051 864 1126 924 nihil
1145 867 1224 939 dare,

67 979 179 1037 quum
191 982 235 1021 ne
248 959 390 1024 amatores
405 965 525 1044 quidem
538 966 701 1046 quidquam
720 966 872 1044 accipiant
913 964 1033 1024 Morbus
1051 975 1097 1024 est
1115 965 1226 1025 invete-

65 1075 165 1124 ratus
179 1066 304 1128 affectus
315 1078 345 1126 et
359 1068 503 1147 cupiditas
511 1067 525 1142 ;⁴
543 1080 608 1129 tum
621 1069 738 1148 impura
750 1069 851 1128 libido.
892 1051 1021 1146 Egregie
1033 1067 1072 1126 de
1084 1059 1140 1126 hac
1153 1089 1226 1128 voce

65 1161 250 1241 disputant
269 1165 356 1224 Gron-
369 1166 408 1224 ad
429 1165 496 1226 Sen.
510 1167 549 1226 de
561 1169 628 1228 ben.
645 1168 670 1240 l,
688 1175 733 1227 14.
747 1179 778 1226 et
795 1165 957 1227 Mitscherl.
977 1167 1017 1225 ad
1036 1167 1110 1226 Hor}
1125 1166 1184 1227 od.
1198 1166 1224 1235 Ι,

65 1269 130 1332 37,
148 1266 206 1331 9.”
248 1264 295 1324 Sic
307 1264 417 1324 morbus
430 1265 538 1326 dicitur
551 1287 616 1346 sup.
632 1266 674 1338 ll,
691 1275 737 1334 17.
751 1277 782 1325 et
796 1274 844 1326 50.

117 1365 263 1419 50—53.
278 1361 354 1421 Haec
367 1383 484 1442 quoque
503 1366 594 1425 verba
612 1361 818 1442 poetaetribui
836 1354 960 1440 possunt
972 1382 1010 1423 eo
1021 1382 1116 1435 sensu,
1137 1373 1172 1423 nt
1190 1363 1227 1423 iis

70 1464 274 1526 contineatur
287 1465 418 1545 lepidum
433 1461 596 1538 consilium,
612 1465 736 1526 Naevolo
749 1466 860 1535 datum,
880 1476 912 1526 et
930 1486 1028 1526 amara
1046 1466 1142 1526 irrisio
1160 1477 1226 1527 tum

69 1567 202 1636 formae,
218 1577 282 1626 tum
295 1569 423 1628 avaritiae
437 1581 468 1628 et
481 1569 614 1629 mollitiei
627 1569 760 1629 Virronis
780 1569 903 1629 cinoedi:
924 1568 974 1627 En
985 1569 1178 1629 inmusulum
1191 1569 1227 1628 il·

69 1667 150 1728 lum
167 1679 200 1728 et
213 1669 367 1730 delicatum
381 1671 594 1750 Ganymedem,
620 1671 668 1732 cui
688 1683 722 1732 tu
741 1672 851 1752 potius,
872 1683 1040 1751 quum-tam
1053 1693 1158 1734 arama
1178 1674 1225 1744 ait,

70 1789 215 1828 munera
226 1769 332 1842 mittas,
353 1771 515 1851 etquidem
528 1772 682 1844 umbellam,
695 1791 735 1832 ne
748 1772 809 1834 sole
821 1773 988 1842 offuscetur,
1010 1773 1058 1832 vel
1069 1772 1160 1832 alium
1180 1790 1228 1833 or··

71 1884 188 1934 uatum
203 1875 390 1948 muliebrem,
411 1895 504 1956 quum
516 1876 648 1938 mulieris
660 1887 691 1937 et
704 1878 806 1937 amicae
825 1877 891 1937 loco
903 1878 942 1938 sit
954 1878 1027 1937 tibi!
1050 1879 1108 1939 Sed
1122 1880 1227 1958 praei’e-
1292 1955 1301 1972 .

74 1978 177 2037 tenda
188 1977 270 2037 forte
283 1977 407 2038 aliorum
420 1979 571 2049 sententia
585 1979 637 2058 qui
646 1979 715 2038 inde
728 1999 745 2038 a
759 2001 787 2038 v.
797 1987 845 2039 50.
860 1981 1018 2039 Noevolum
1026 1981 1108 2060 loqui
1119 1993 1226 2060 putant

76 2079 139 2138 hoc
165 2097 277 2138 sensus
307 2078 370 2138 Hie
389 2079 477 2138 Virro
499 2079 629 2157 postulat
648 2080 758 2158 potius,
781 2089 817 2138 ut
839 2079 895 2139 sibi
918 2079 1072 2139 mittantur
1095 2101 1226 2142 munera.

78 2177 166 2238 llaec
178 2181 269 2238 rerba
290 2187 425 2257 spectant
444 2178 483 2236 sd
502 2197 545 2248 ea,
566 2198 633 2257 quae
652 2177 794 2238 Naevolus
813 2198 842 2236 v.
856 2177 905 2237 46.
921 2184 978 2249 47,
992 2188 1024 2237 et
1035 2181 1125 2238 rerba
1138 2201 1165 2237 v.
1180 2189 1228 2240 48.

78 2290 112 2336 et
128 2285 182 2346 49.
194 2277 235 2336 ad
246 2299 293 2347 ea,
310 2297 378 2356 quae
390 2276 440 2336 ille
453 2297 482 2336 v.
499 2283 546 2336 45.
561 2276 684 2336 dixerat.
719 2275 820 2354 Vulgo
834 2276 918 2334 innui
926 2285 1042 2354 putent,
1056 2276 1130 2338 nihil
1143 2279 1231 2340 cinae-

78 2377 122 2436 do
135 2387 201 2437 tam
216 2378 337 2456 ingrato
350 2375 522 2435 donandum
535 2395 606 2436 esse.
638 2374 824 2436 Herminius:
848 2383 869 2411 “
882 2373 980 2444 Tales,
991 2373 1096 2453 inquit,
1110 2376 1231 2436 resaisiri

79 2491 234 2542 vocantur
249 2479 387 2540 Petronio
400 2479 523 2559 aliisque
536 2477 605 2538 hinc
619 2478 852 2546 παταλοκίιαιδοι,
872 2477 925 2556 qui
944 2477 1089 2548 umbellis‚
1109 2480 1231 2541 armillis

77 2597 110 2646 et
122 2584 281 2645 similibus
293 2582 460 2663 crepundiis
474 2583 512 2643 ad
525 2583 617 2643 instar
629 2581 795 2662 puellarum
807 2580 1034 2660 superbiebant3
1054 2581 1135 2641 unde
1147 2593 1178 2643 et
1191 2584 1230 2645 ad

75 2690 241 2769 majorem
253 2686 479 2765 indignationem
492 2686 584 2755 addit,
598 2684 676 2744 dona
688 2684 790 2744 isthaec
803 2683 879 2743 mitti
882 2682 1018 2761 femineis
1027 2684 1158 2757 calendis,
1172 2686 1191 2744 i.
1202 2708 1229 2746 e.

72 2786 229 2847 Martii?
271 2784 342 2844 Nam
355 2785 492 2847 Calendis
505 2784 629 2855 Martiis,
649 2804 717 2863 quae
730 2795 761 2843 et
774 2781 948 2842 Matronalia
967 2781 1147 2859 dicebantur,
1167 2807 1229 2847 ma·

76 2892 131 2951 riti
152 2889 309 2959 uxoribus,
323 2900 462 2948 amatores
475 2888 581 2967 puellis
594 2906 718 2946 munera
730 2885 846 2946 mittere
860 2895 890 2944 et
902 2895 963 2944 tsm
976 2895 1125 2957 mamone,
1140 2909 1230 2968 quam

80 2990 189 3050 mariti
205 3008 289 3049 sacra
300 2989 411 3049 Junoni
430 2990 526 3049 fauere
547 2987 679 3047 solebant
697 3006 753 3065 pro
771 2984 950 3045 matrimonii
973 2984 1129 3047 felicitate:
1150 2990 1231 3049 unde

70 3091 230 3170 sesra‘aea's,
245 3110 306 3150 non
319 3090 388 3169 quia
401 3110 502 3151 ornnes
516 3089 654 3151 Calendae
667 3088 687 3148 J
689 3089 780 3147 unoni
793 3107 882 3149 sacroe
894 3096 985 3147 erant
996 3086 1022 3125 ¹²
1062 3089 1141 3149 Nota
1153 3092 1231 3153 Ach.

83 3204 151 3252 est:
176 3202 198 3229 ‘⁸
209 3188 350 3249 Caleudae
363 3189 478 3249 Martiae
490 3186 607 3247 leminis
621 3198 713 3257 erant,
727 3185 826 3263 qualia
839 3184 1005 3245 Saturnalia
1017 3183 1105 3261 virisg
1123 3208 1232 3267 easque

83 3292 282 3352 celebrabant
294 3290 326 3348 in
338 3289 509 3349 memoriam
521 3286 591 3346 belli
603 3306 672 3346 cum
686 3285 802 3345 Sabinis
814 3304 916 3344 earum
928 3283 1096 3345 interventu
1114 3306 1232 3367 compo.

83 3391 152 3451 siti.
193 3389 284 3447 Domi
297 3388 390 3467 igitur
404 3388 561 3447 manebant
575 3395 687 3455 oomtoe,
699 3383 919 3464 pulchrioribus
926 3384 1103 3446 ormmeosia
1112 3399 1229 3461 ornatae,

81 3494 123 3553 in
138 3490 281 3553 cathedris
297 3492 408 3573 positas,
429 3502 518 3569 atque
536 3488 578 3549 sic
597 3489 705 3549 amicos
725 3504 886 3565 eorumque
898 3504 1021 3547 munera
1032 3488 1230 3568 recipiebant3

82 3604 130 3663 et,
146 3602 185 3651 ut
199 3591 328 3652 Maerob.
343 3591 370 3661 Ι,
387 3597 433 3649 12.
447 3589 497 3663 ait,
511 3588 599 3650 servia
610 3608 704 3648 scenas
723 3585 899 3666 apponebant
917 3594 1059 3658 mom,
1079 3597 1112 3649 ut
1128 3591 1233 3652 domim⁸

83 3694 303 3756 Saturnalibus.
346 3691 468 3754 Satirics
480 3693 573 3771 igitur
586 3702 630 3753 est
642 3690 693 3750 ills
707 3688 822 3751 Naevoli
842 3687 1019 3763 exclamatio,
1040 3691 1093 3769 qui
1113 3692 1232 3755 Virroni

81 3798 194 3877 objicit
207 3816 333 3855 munera
344 3806 496 3875 tamquam
508 3795 626 3855 feminae
638 3803 669 3853 et
681 3792 785 3852 eodem
804 3801 936 3870 tempore
952 3792 1066 3851 allsta''
1164 3795 1232 3854 Um-

81 3898 164 3958 bella
177 3920 202 3961 s.
215 3898 417 3969 umbraculum,
439 3899 553 3967 aalaidis,
575 3896 714 3975 (Dionys.
729 3892 800 3953 Hal.
814 3892 900 3972 Vll.)
920 3894 1020 3953 velum
1041 3896 1088 3954 vel
1107 3895 1232 3958 linteum

81 4013 222 4079 tegmen,
238 4000 320 4079 quod
333 4000 459 4059 umbram
472 3998 544 4059 facit
557 4008 588 4058 et
601 4017 689 4077 supra
709 4007 798 4075 caput
818 4014 993 4074 suspensum
1011 4007 1091 4055 arcet
1110 4008 1231 4060 aestum:

83 4100 249 4181 (Parosol)
271 4120 339 4179 quae
351 4098 522 4159 umbracula
535 4116 612 4175 saepe
626 4096 745 4175 egregia
757 4105 840 4155 erant
853 4105 884 4153 et
894 4094 1030 4174 pretiosa.
1049 4114 1079 4154 v.
1095 4094 1233 4158 Paciaudi

82 4206 294 4285 Σωδηφόςιμα
307 4223 330 4262 s.
344 4202 382 4263 de
395 4200 532 4265 umbellae
551 4198 712 4279 gestatione
732 4196 956 4259 commentarius
971 4196 1054 4256 Rom
1071 4204 1158 4265 1753.
1173 4208 1233 4264 lto.
1306 4268 1310 4275 ,

118 4430 141 4465 ¹·
156 4432 197 4482 cr.
212 4432 305 4498 uque
316 4431 347 4481 aa
360 4412 651 4492 nsun.111,1,'1.1v,
686 4428 749 4478 rasa.
769 4428 825 4488 111,
844 4432 891 4481 ιιι
907 4443 955 4491 aa
975 4426 1079 4476 unua.
1095 4426 1126 4487 v,
1138 4434 1178 4487 aa,
1191 4438 1230 4482 ιι.

79 4506 110 4558 2,
127 4504 152 4549 1.
172 4498 258 4562 intpp.
280 4500 368 4549 Horat.
391 4498 440 4550 Od.
461 4498 514 4556 111,
533 4504 555 4547 8.
577 4495 649 4547 ovid.
685 4494 737 4556 IX,
750 4500 789 4553 91,
802 4498 840 4547 15.
853 4494 976 4556 exsta.
990 4494 1058 4544 Suet·
1071 4494 1143 4557 Vesp·
1159 4502 1196 4547 19.
