3100 5250
286 427 352 488 4³2
646 417 1041 487 COMMENTARIUS

288 599 340 676 (ad
362 601 459 682 ipsam
483 599 594 668 urbem,
614 597 702 677 juxto
724 608 840 676 portam
861 593 1050 664 viminalem,
1070 593 1183 672 potita,
1201 591 1314 672 dequo
1335 613 1366 650 r.
1387 594 1435 652 ad

285 703 376 774 VIII,
400 703 462 780 43.)
485 700 677 761 conducendo
697 701 758 759 vim
778 699 963 779 praefeetnrre
983 695 1120 756 intendit.
1132 695 1161 739 ⁸⁷
1205 693 1304 754 Gedru
1318 707 1429 756 atem

286 800 316 858 h.
331 799 350 862 l.
364 819 419 880 pro
432 817 552 859 munere
566 817 677 868 comm,
699 797 751 876 qui
771 796 829 856 illie
848 807 990 876 praeaunt,
1003 794 1034 854 h.
1047 815 1073 888 e.
1086 813 1144 874 pro
1158 793 1330 872 prdem
1346 813 1429 873 pre·

288 903 362 964 torii.

327 997 375 1070 96.
389 1007 437 1068 97.
459 999 612 1058 Summam
626 1007 801 1078 potestatem
813 997 902 1058 etiam
918 997 951 1070 ii,
971 997 1024 1076 qni
1037 996 1145 1056 nolunt
1158 1015 1199 1054 ea
1211 995 1310 1063 abuti,
1324 994 1428 1055 natue

286 1098 409 1178 eupiunt
428 1109 600 1178 optantque,
621 1109 656 1158 ut
675 1098 770 1176 megia
783 1097 927 1167 colantur,
947 1106 1000 1156 aut
1012 1109 1092 1158 oerte
1104 1095 1287 1158 &uantur-
1327 1103 1433 1164 {Mt

286 1201 344 1260 Sed
355 1221 426 1282 puoe,
449 1221 593 1280 quoenam,
612 1200 755 1280 proeoloru
775 1210 803 1260 et
823 1219 961 1280 prospero
975 1199 1048 1258 torti
1059 1197 1242 1260 munands
1255 1207 1341 1270 sunt,
1361 1208 1397 1256 nt
1406 1219 1438 1257 ea

284 1312 414 1378 exoptes,
435 1308 475 1370 rat,
496 1299 526 1356 h.
541 1317 565 1357 e.
583 1299 727 1376 quemvis,
749 1298 834 1358 rebus
845 1299 918 1358 loetia
932 1297 1041 1378 parsit
1054 1317 1190 1356 aarum
1205 1295 1363 1366 ardor-ear,
1382 1317 1439 1355 non

283 1397 382 1457 minua
402 1397 472 1456 mali
492 1409 581 1476 atque
601 1397 754 1458 infortunii
774 1397 934 1458 admiatum
948 1396 1007 1456 ait?
1040 1395 1126 1455 Conf.
1141 1395 1218 1454 Var-
1233 1394 1323 1455 Iaect
1337 1427 1380 1442 --
1392 1404 1439 1464 90

285 1501 386 1580 Hujus
399 1501 506 1582 SeJani,
518 1501 568 1582 pei
580 1501 704 1560 trahitur
717 1521 803 1561 unoo.
818 1521 847 1560 v.
859 1501 899 1560 ad
912 1521 944 1561 v.
955 1500 1004 1562 66.
1104 1507 1293 1579 pretenta,
1308 1519 1438 1560 minoe

283 1605 407 1666 honoret
427 1615 458 1664 et
477 1605 676 1684 magiatratua,
698 1605 750 1683 qui
771 1625 841 1666 cum
859 1605 989 1664 maximo
1006 1603 1142 1683 perleulo
1161 1603 1261 1664 aulem
1279 1623 1350 1662 oeae
1369 1623 1438 1663 oon·

279 1704 385 1782 juncti.
401 1723 428 1760 v.
443 1703 481 1762 ad
497 1703 521 1772 1,
538 1701 585 1768 78.
599 1713 630 1762 et
644 1703 669 1760 F
671 1723 760 1762 errar.
776 1703 811 1761 a.
826 1703 863 1760 V.
880 1703 923 1774 Il,
937 1711 966 1763 3.
985 1703 1038 1783 qui
1050 1713 1163 1774 monet,
1181 1703 1343 1780 pnsum
1355 1722 1437 1779 pure-

282 1805 357 1866 torio
375 1804 408 1864 in
428 1816 569 1884 praetexta
588 1805 688 1878 irrisae,
709 1806 779 1866 lloet
793 1807 845 1887 jur
858 1807 936 1866 clavi
948 1805 1008 1866 n‘on
1020 1807 1184 1866 hebuerirtt.
1237 1813 1308 1864 100.
1338 1807 1432 1864 Fide·

284 1925 385 1964 noram
404 1903 618 1986 Gabiorumque,
631 1907 781 1966 minorum
798 1906 975 1988 oppidorum
988 1907 1270 1985 monleipioruurque
1290 1906 1379 1966 latii.
1396 1927 1424 1964 v.

283 2007 322 2066 ad
336 2007 391 2077 VI,
406 2006 453 2067 56.
469 2015 518 2074 57.
532 2019 563 2068 et
575 2009 612 2068 cf.
629 2008 733 2068 Horat
749 2008 844 2088 Epist
860 2008 886 2082 l,
903 2019 950 2079 11,
966 2019 984 2076 7
998 2031 1058 2089 aeq.
1123 2011 1427 2089 flamengum·

283 2121 341 2179 tua,
367 2111 417 2186 (ut
439 2130 487 2190 ap.
501 2109 562 2170 cic.
584 2111 671 2172 'l‘uac⁴
687 2111 711 2182 I,
727 2119 777 2170 30.
802 2111 884 2172 Suet.
897 2114 971 2172 Cea
985 2133 1011 2172 c.
1027 2120 1073 2180 17.
1094 2125 1127 2173 et
1150 2113 1258 2173 Claud.
1271 2115 1338 2190 23.)
1364 2133 1430 2185 oeae,

283 2215 312 2274 h.
326 2233 351 2272 e.
365 2213 527 2274 honoribus
539 2213 636 2294 fungi,
651 2216 704 2295 qui
716 2216 844 2276 minores
858 2215 980 2294 quidem
993 2227 1071 2286 arnt,
1092 2216 1148 2276 aed
1161 2216 1265 2276 securi
1277 2227 1311 2276 et
1321 2237 1341 2276 a
1353 2237 1437 2295 mag·

282 2337 323 2379 no
346 2319 480 2398 periculo
504 2317 570 2379 tuti.
625 2326 692 2378 101.
719 2319 917 2382 102.AE‹11'102
935 2319 1167 2400 munideonnn
1186 2335 1221 2380 et
1242 2320 1438 2392 coloniarum,

283 2419 364 2498 quod
384 2419 432 2478 vel
453 2439 489 2478 ex
510 2418 539 2476 h.
553 2419 573 2476 l.
587 2419 739 2497 probabile
753 2421 796 2490 fit,
816 2419 926 2480 aimilea
939 2419 1090 2480 AEdilibua
1108 2420 1210 2499 plebia
1234 2421 1437 2482 Rornanorum

282 2527 312 2576 et
325 2517 418 2574 lnfimi
432 2527 515 2574 erant
528 2516 726 2594 magistratus,
742 2517 833 2596 (conf.
848 2517 908 2586 111,
926 2516 1008 2596 162.)
1022 2517 1074 2596 qui
1087 2529 1118 2578 et
1131 2530 1289 2595 praeerant
1299 2520 1434 2578 mnu

281 2634 315 2673 ac
328 2613 517 2692 ponderibus,
532 2634 609 2692 quoe,
631 2616 656 2675 ai
669 2617 788 2689 minora,
810 2617 912 2696 Iniqua
925 2628 1031 2689 eaaent,
1055 2618 1095 2677 ab
1117 2616 1157 2677 iia
1166 2616 1214 2695 fr
1393 2618 1434 2675 ‚³¹

233 2736 238 2743 ·
281 2716 332 2775 Ad
345 2715 521 2795 dignitatem
542 2736 596 2797 per
610 2738 641 2779 re
653 2740 777 2799 parvam
789 2740 879 2799 quana
892 2720 1021 2780 maxime
1033 2720 1233 2781 minuendam
1246 2720 1330 2782 valet
1342 2721 1435 2781 delec-

281 2824 330 2875 tua
342 2814 489 2895 oppiduli,
504 2816 586 2895 quod
599 2836 714 2877 vacuam
727 2819 831 2879 lnoolia
845 2840 868 2879 a
888 2820 966 2881 male
984 2820 1161 2891 habitam,
1183 2823 1263 2899 (nm
1276 2820 1370 2899 plane
1381 2820 1434 2879 de

280 2928 409 2982 eertum:
429 2938 499 2977 nam
514 2918 642 2980 AEdilem
656 2920 774 3003 habuit)
789 2934 822 2982 et
832 2924 919 3003 cuju·
933 2924 1041 2985 AEdilr'a
1053 2924 1124 2985 lrinc
1132 2946 1281 3004 pomae
1291 2936 1345 2993 est,
1357 2924 1389 2983 lr.
1398 2945 1424 2983 e

280 3019 385 3097 pannis
406 3019 538 3079 vestitur.
622 3020 737 3083 Ulubroe
756 3034 847 3083 tenue
864 3044 935 3103 opp.
955 3024 1037 3083 Latii
1050 3023 1098 3083 vel
1113 3024 1278 3105 Campam‘oe
1295 3024 1327 3081 in
1346 3043 1424 3102 agro

282 3117 427 3188 Fontine,
445 3120 533 3198 juxta
552 3118 683 3197 puludee
726 3120 773 3182 cf.
792 3120 900 3181 Horat.
921 3122 1016 3202 Epist.
1032 3122 1057 3193 l,
1075 3130 1125 3194 11,
1139 3131 1182 3183 30
1258 3122 1367 3193 meeis,
1389 3142 1421 3180 v.

278 3218 317 3279 ad
332 3220 392 3291 III,
407 3228 436 3281 2.

322 3330 389 3381 103.
412 3325 459 3383 Ex
482 3324 529 3385 hia
552 3324 736 3405 intelligitur,
761 3326 912 3406 Sejanum,
936 3348 1022 3408 reque
1035 3347 1071 3389 ac
1089 3328 1248 3389 maxim
1263 3328 1426 3390 hominurn

278 3432 401 3501 partem,
424 3425 467 3500 (v.
482 3434 501 3483 t
518 3429 594 3505 aeq.)
615 3426 773 3505 ignoratae,
795 3448 863 3507 qua
876 3446 948 3487 vera
959 3429 1020 3489 aiut
1030 3430 1111 3489 bona
1123 3440 1154 3489 et
1167 3429 1239 3489 hinc
1250 3432 1430 3510 exoptanda

281 3531 450 3591 105-107.
471 3526 595 3605 Sejanus
614 3530 653 3589 ed
677 3530 832 3591 altieaimoa
851 3531 1049 3591 adaceradebat
1067 3532 1189 3591 honoria
1207 3533 1324 3611 grdua
1339 3546 1372 3595 et
1389 3536 1432 3594 ita

277 3624 443 3705 graviorem
457 3625 512 3685 ribi
526 3647 626 3687 oaaum
640 3630 814 3712 ruinamque
826 3634 957 3711 parabat,
973 3630 1075 3691 similia
1088 3633 1126 3703 ei,
1141 3632 1205 3711 qui,
1218 3634 1350 3694 modicia
1358 3636 1432 3695 aedi-

277 3727 334 3787 bus
346 3744 406 3785 non
421 3736 584 3795 eontentua,
600 3731 706 3789 turrim
719 3730 883 3791 mulwnrm
896 3731 1095 3793 tabulatorum
1108 3733 1246 3803 exstruit,
1257 3735 1335 3794 ande
1346 3736 1433 3795 altior

277 3838 317 3889 eat
338 3850 422 3890 corut
440 3839 466 3891 et
486 3830 605 3891 immane
622 3854 758 3913 praeoepa,
779 3835 988 3914 proepritium,
1008 3836 1100 3897 nina
1119 3837 1212 3917 (dat)
1227 3838 1269 3897 ad
1282 3858 1389 3899 eanum
1401 3852 1434 3899 et

277 3934 420 3993 violenter
440 3934 574 4012 r'mpnrlrae,
596 3934 626 3993 h.
639 3956 665 3995 e.
686 3936 765 3995 unde
785 3938 950 4016 superiores
964 3938 1053 3998 turris
1073 3952 1170 4018 partes
1184 3961 1300 4020 magna
1314 3964 1385 4003 curn
1400 3946 1429 4002 ri

276 4052 362 4092 ruere
376 4034 423 4093 vel
438 4033 575 4093 decidere
588 4035 707 4113 possint.
749 4038 796 4095 cf.
812 4036 917 4097 Horat.
931 4036 992 4099 Od.
1007 4038 1051 4109 ll,
1069 4048 1116 4111 10,
1130 4049 1151 4109 9
1164 4061 1227 4119 aeq.
1272 4042 1426 4103 Claudian

275 4136 307 4193 in
323 4136 418 4195 Rullo.
434 4138 458 4207 1,
474 4146 510 4197 21
528 4158 588 4217 aeq.
610 4140 661 4199 ubi
677 4140 788 4219 Koenig
801 4144 981 4220 comparavit
995 4144 1086 4203 verba
1099 4144 1227 4203 Luciani
1243 4148 1421 4227 (Contunpl.

308 4356 326 4389 θ
344 4356 383 4405 CI.
400 4360 457 4409 Tar.
475 4365 541 4411 Ana.
560 4364 606 4423 IV,
624 4370 648 4413 9.
664 4365 729 4413 Suet.
744 4366 800 4417 ΙΙΙ).
810 4384 830 4417 c.
896 4371 915 4399 ⁸
925 4386 947 4417 r.
960 4370 1063 4419 Caaaub.
1072 4371 1103 4419 ad
1114 4372 1178 4421 Pera
1193 4374 1215 4427 1,
1226 4378 1282 4421 leo.
1293 4376 1424 4424 ausas-

276 4428 314 4473 37.
327 4424 377 4471 Dio
387 4435 409 4471 or
425 4426 517 4487 Xiphil.
863 4434 921 4483 dors
929 4437 997 4485 Poet.
1008 4436 1062 4487 Lat
1076 4438 1135 4487 min.
1152 4440 1183 4487 T.
1198 4438 1229 4486 V.
1244 4456 1269 4500 p.
1283 4448 1343 4491 009.
