3100 5250
288 464 603 534 nemausas.
616 466 874 535 scamnum
897 464 1101 535 cassan.
1165 444 1167 449 '
1198 469 1262 531 ns

131 635 172 697 rit
182 636 214 696 in
227 636 401 721 Philippicis
413 641 475 703 suis
486 639 525 701 de
537 644 627 704 rebus
646 642 820 704 foedicrrbua
842 642 940 703 verbis
962 642 1051 702 etiem
1070 638 1257 703 obscoeniori·

67 786 73 812 ,
130 740 187 799 bus
199 741 253 802 uti.
625 797 631 822 Χ
865 790 869 803 r

169 843 212 902 Ut
224 844 338 925 ubique
349 856 443 906 artem
455 847 569 907 redolet
582 848 699 917 Noster,
709 846 751 908 sic
763 846 853 906 edam
866 848 897 905 in
909 864 1048 907 vmsunm
1062 843 1257 904 concinnitate

125 962 377 1026 numerorumque
388 948 532 1027 gravimte
544 960 575 1008 et
587 968 700 1009 canore.
743 948 804 1021 Qui
818 967 927 1018 versus,
951 950 989 1007 ab
1009 943 1257 1007 Horatiana-levi·

124 1055 189 1105 tate
207 1056 239 1106 et
258 1048 439 1127 negligentia
460 1048 630 1128 longissime
651 1048 764 1118 remoti,
789 1066 849 1109 non
868 1059 928 1107 tam
941 1049 980 1107 ob
993 1046 1025 1105 id
1044 1044 1259 1126 praestantiores

124 1142 314 1204 existimandi
328 1158 408 1217 sunt,
421 1166 511 1227 quam
525 1146 623 1217 colori,
646 1166 734 1225 quem
751 1146 867 1207 Persius
880 1145 974 1235 saum
987 1145 1047 1205 suis
1059 1142 1185 1213 induxit,
1205 1161 1259 1222 ap·

124 1244 225 1304 tiores
266 1246 335 1307 Non
349 1257 433 1307 vacat
444 1247 539 1307 varias
551 1228 705 1308 doctorum
724 1247 856 1306 virorum
875 1266 963 1326 super
982 1244 1059 1306 bane
1071 1264 1133 1305 rem
1146 1242 1259 1323 opinio·

124 1364 181 1404 nes
194 1346 349 1425 conligere,
365 1369 432 1427 quae
444 1350 553 1429 passim
567 1350 694 1429 longius,
715 1370 803 1429 quam
817 1370 835 1408 a
848 1342 981 1409 docbina
994 1359 1024 1409 et
1036 1348 1180 1426 elegantia
1193 1342 1259 1405 illo

124 1466 193 1506 nam
206 1450 370 1529 exspectari
381 1452 533 1531 potuisset,
547 1473 565 1511 a
578 1472 649 1512 vero
661 1453 809 1512 aberrasse
822 1452 969 1511 videntur.
1012 1450 1080 1509 Hoc
1099 1448 1173 1507 mihi
1193 1448 1259 1528 qui-

124 1548 196 1607 dem
208 1550 401 1611 οεῐῑίοείωιιω
414 1551 615 1626 videturesse,
638 1553 762 1613 virtutes
784 1552 947 1613 hexametri
958 1553 997 1612 ab
1011 1550 1136 1611 Horatio
1156 1548 1260 1609 melius

122 1659 157 1710 et
168 1651 334 1713 adcuratius
348 1674 411 1715 esse
423 1666 600 1734 perspectas,
622 1676 712 1734 quam
731 1674 813 1715 nunc
824 1656 863 1715 ab
876 1652 1051 1715 acutissimis
1071 1652 1179 1712 criticis
1192 1668 1258 1730 pos·

123 1754 185 1815 sint
205 1756 342 1837 intelligi,
367 1758 565 1838 eumdemque
585 1778 646 1818 non
665 1770 726 1819 tam
749 1756 972 1818 inexercitatum
992 1755 1024 1814 in
1043 1753 1079 1814 iis
1100 1750 1260 1814 condendis

122 1856 328 1937 iiusse5quam
339 1879 421 1919 nunc
433 1880 472 1920 ex
484 1860 675 1939 negligentia,
697 1880 764 1939 quae
783 1870 883 1919 tamen
902 1858 1007 1939 procul
1026 1857 1117 1919 dubio
1136 1856 1260 1935 quaesita

124 1972 181 2031 est,
195 1960 344 2038 conligere
356 1980 388 2020 se
400 1980 486 2038 posse
499 1960 621 2038 quidam
635 1962 801 2037 opinantur.
813 1960 838 2004 ¹⁷

167 2061 230 2134 Qui
243 2061 357 2120 Graecis
369 2060 462 2120 literis
474 2060 597 2119 inbutus
608 2061 789 2118 monimenta
803 2060 1000 2118 Βοιιιεηοτιιιιι
1019 2068 1177 2137 poetarum
1191 2078 1259 2138 per·

124 2159 274 2230 lustravit,
288 2178 357 2219 eum
369 2178 431 2217 non
442 2158 530 2236 fugit,
544 2158 813 2238 praestantissimam
826 2157 937 2237 ingenii
950 2164 1073 2234 panem,
1087 2176 1154 2235 quse
1168 2158 1261 2215 cerni-

124 2273 179 2321 tur
190 2261 223 2321 in
235 2259 420 2329 inveniendo,
435 2260 570 2319 omnibus
589 2279 683 2338 paene,
708 2280 745 2319 ex
766 2268 850 2337 parte
871 2258 982 2327 saltem,
996 2257 1133 2327 defuisse,
1153 2277 1261 2337 eosque

44 2382 51 2397 ·
123 2382 187 2421 non
200 2373 261 2423 tam
273 2361 442 2421 inventores
452 2381 553 2421 mum
566 2381 629 2421 esse
641 2361 798 2431 vocandos,
813 2380 902 2440 quam
916 2360 1074 2443 imitatores
1088 2358 1261 2421 Graecorum

122 2474 157 2523 et
171 2464 210 2522 ab
223 2482 325 2522 eorum
345 2462 488 2541 exemplis
507 2463 677 2542 pendentes.
720 2464 776 2523 Est
788 2463 867 2523 enim
880 2464 912 2523 in
925 2462 1103 2543 populorum
1127 2461 1261 2521 aetatibus
1363 2487 1365 2496 ⁴

123 2570 158 2620 et
171 2559 327 2640 singularis
339 2559 467 2620 bominis
486 2560 548 2620 vita
566 2572 597 2620 et
617 2560 800 2621 institutione
821 2560 956 2642 quaedam
978 2559 1147 2621 similitudo
1189 2560 1262 2621 Om-

122 2663 331 2723 nium'mentis
343 2663 517 2724 facultatum
530 2663 671 2723 memoria
684 2677 714 2725 et
727 2664 907 2744 imaginandi
928 2665 972 2724 vis
991 2663 1087 2743 prima
1100 2683 1132 2723 se
1144 2663 1261 2736 exserit,

123 2759 394 2840 perfectionemque
407 2760 536 2839 aliquam
547 2761 676 2840 adtingit
695 2771 727 2820 et
744 2762 942 2822 maturitatem
963 2781 1031 2820 cum
1043 2761 1077 2820 in
1089 2761 1189 2839 pueris
1210 2779 1262 2820 seu

124 2841 368 2929 adolescentibus,
383 2869 448 2920 tum
460 2859 493 2917 in
505 2858 624 2938 populis
637 2859 762 2920 rudibus
775 2859 967 2936 nondumque
980 2857 1111 2917 excultis.
1154 2859 1191 2915 ln
1205 2857 1261 2917 bac

124 2972 228 3034 ente,
247 2961 350 3020 multis
373 2961 462 3022 simul
485 2961 549 3022 aliis
572 2962 661 3022 rebus
673 2962 705 3020 in
717 2961 775 3022 boc
788 2959 1032 3040 conspirantibus,
1054 2969 1149 3038 poetae
1169 2959 1262 3020 solent

123 3057 208 3114 nasci
220 3076 239 3116 a
250 3068 355 3118 natura
368 3057 430 3117 sola
442 3057 521 3118 docti
534 3068 623 3136 atque
636 3058 771 3118 instituti.
807 3059 844 3116 ln
858 3077 918 3135 qua
929 3066 1014 3117 aetate
1027 3075 1121 3134 quum
1134 3055 1262 3134 populus

126 3153 280 3214 Romanus
292 3165 377 3226 esset,
387 3155 541 3235 ingenium
554 3155 653 3214 minus
666 3155 694 3215 ei
706 3155 835 3216 defuisse
854 3154 913 3214 dici
933 3163 1038 3231 potest,
1061 3173 1150 3232 quam
1170 3152 1262 3213 ouum

124 3275 288 3337 rerumque
299 3258 339 3317 sd
353 3258 656 3318 vitamsustinendam
668 3258 828 3318 adfluentia
848 3256 984 3336 quaedam
997 3268 1027 3316 et
1040 3265 1137 3316 certus
1150 3255 1261 3316 annno·

122 3373 205 3413 rum·
218 3354 417 3432 sermonisque
439 3355 544 3415 cultus
586 3354 778 3414 Praeterlsbso
799 3352 850 3412 illo
871 3365 1003 3432 tempore
1024 3359 1085 3412 non
1109 3354 1262 3414 Musarum

123 3456 216 3517 sedes
227 3453 285 3532 ipsi
297 3455 506 3532 frequentasse,
528 3457 582 3516 sed
601 3457 775 3516 commercia
800 3474 869 3514 cum
888 3453 946 3515 illis
966 3475 1020 3534 per
1040 3457 1159 3538 Graecos
1178 3457 1262 3537 quasi

123 3557 329 3618 internuncios
344 3555 503 3617 celebrasse
516 3559 702 3618 existimami
715 3567 792 3618 sunt
835 3558 908 3617 Inde
922 3559 1033 3619 factam
1045 3570 1100 3632 est,
1115 3571 1148 3620 ut
1161 3579 1262 3621 omnes
1352 3623 1359 3642 ⁸

126 3659 257 3719 Romani
270 3669 366 3738 poetae
378 3679 397 3717 a
410 3659 522 3720 Graecis
535 3661 690 3739 pendeant,
703 3683 721 3720 a
734 3661 843 3741 quibus
863 3659 1036 3722 omniafere
1045 3663 1110 3743 jam
1122 3673 1264 3741 occupata

126 3762 312 3834 invenerant,
326 3761 483 3840 magisque
492 3761 606 3841 semper
620 3763 784 3833 imitationi,
806 3783 894 3842 quam
911 3763 1073 3848 inventioni
1087 3764 1263 3833 studuerint,

126 3861 174 3919 ita
184 3869 220 3918 ut
232 3858 407 3919 recentiores
425 3859 625 3938 antiquiorum
649 3861 778 3940 vestigiis
798 3860 930 3920 insistere
950 3861 1067 3922 soleant
1111 3863 1154 3923 Ut
1167 3859 1263 3921 Hora-

127 3961 191 4022 tius
203 3961 362 4032 Lucilium,
377 3961 429 4040 qui
442 3973 540 4022 tamen
552 3963 623 4021 novi
635 3962 751 4042 generis
764 3954 927 4022 carminum
936 3972 1038 4021 auctor
1047 3973 1091 4022 est
1102 3955 1263 4036 habendus,

128 4045 292 4119 siformam
306 4071 428 4139 spectes,
441 4080 502 4120 non
514 4060 675 4132 materiam,
695 4060 825 4121 liberiori
840 4071 939 4121 tamen
952 4060 1067 4121 incessu
1081 4071 1197 4122 secutus
1210 4072 1263 4132 est,

165 4255 183 4285 ¹'
204 4258 280 4306 ltetts
299 4259 468 4323 Morgenstem
489 4258 507 4306 l.
525 4273 547 4306 c.
570 4273 625 4322 pag.
649 4263 684 4306 50
714 4259 788 4307 tionis
803 4259 945 4309 murima
961 4259 1266 4323 maximsopuserateoo-

130 4337 196 4386 seqq·
209 4322 295 4399 bscde
304 4337 331 4370 re
338 4323 438 4386 Judrcst,
449 4333 475 4371 st
484 4323 565 4400 paullo
581 4321 684 4372 severim
715 4324 792 4373 tinnis
809 4324 913 4373 rersilm
931 4335 956 4374 et
970 4325 1070 4384 muris,
1081 4343 1111 4376 ne
1127 4329 1193 4376 amni
1207 4329 1265 4380 dots,

130 4387 685 4520 mensu,
716 4399 1083 4507 cessassem
1098 4401 1174 4454 Μ’
1190 4399 1268 4452 Μ

383 4490 390 4510 .
918 4490 927 4515 ,
1046 4467 1156 4519 potum
1165 4465 1265 4506 mim·

657 4539 734 4604 qu
