3100 5250
453 492 505 560 IN
525 494 689 562 JUVEN.
714 495 814 563 SAT.
838 498 885 565 X.
1170 506 1236 567 449
1367 514 1371 521 ’

96 646 240 740 codicillo,
254 676 525 743 testamentorum,
546 671 695 752 proximos
714 683 864 753 cognatos,
884 678 958 733 uetat
971 690 1030 731 erse
1043 673 1165 747 heredes,
1186 694 1238 737 ex·

95 774 226 849 heredet,
240 794 298 854 per
310 770 499 847 oblivionem,
523 783 550 834 et
564 775 635 835 bons
647 785 705 836 toto
714 777 855 855 feruntur
863 776 907 837 ‘cd
919 774 1050 848 Phialen,
1063 787 1238 841 testsmeuto

95 877 304 957 relinquuntur
316 875 461 946 fellutrici,
474 896 542 956 que
553 878 643 937 Ιιαίἰιιι
656 877 779 957 artificis
790 870 850 937 orit¹
868 896 966 939 senem
985 877 1026 937 itu
1046 877 1189 952 delinivit,
1202 890 1238 943 ut

94 1000 218 1040 suorum
237 963 326 1060 piune
339 978 560 1041 oblivisceretur
573 990 765 1061 cognatorum
779 998 902 1059 eamque
916 1000 952 1039 ex
965 1000 1028 1039 usse
1040 979 1179 1041 heredem
1192 982 1238 1040 in.

93 1064 241 1153 stitueret,
255 1083 409 1141 immemor
422 1081 509 1141 simul
523 1082 608 1161 legis,
623 1104 690 1165 quae
703 1083 736 1143 id
748 1086 873 1144 vetabat
928 1082 1012 1142 Couf.
1027 1082 1097 1141 Vur.
1112 1082 1194 1143 Lect
1207 1095 1239 1146 et

91 1184 136 1241 ad
152 1184 179 1253 1,
194 1192 233 1243 55
246 1204 304 1261 seq.
318 1220 360 1233 -
373 1190 442 1243 238.
456 1182 561 1243 balitus
579 1185 701 1263 adficis
719 1185 786 1259 oris,
806 1184 915 1245 halitus
930 1184 1044 1254 artifex,
1065 1184 1238 1247 11411111-

92 1281 205 1351 ciosus,
225 1281 324 1353 scitus,
344 1280 411 1351 oris,
432 1282 563 1341 mulieris
576 1282 713 1343 reflantis.
755 1282 840 1341 Conf.
854 1282 893 1341 ud
906 1281 961 1352 vt,
979 1288 1027 1341 51.
1041 1288 1110 1341 801.
1124 1292 1155 1343 et
1168 1284 1238 1346 306.

93 1388 114 1421 ‘⁴
127 1381 252 1443 Halitus
264 1382 399 1461 impurus
411 1382 470 1442 orr's
489 1384 620 1462 artificis,
645 1385 726 1464 quod
745 1394 810 1444 tum
830 1384 988 1456 fellstione,
1008 1394 1074 1443 tum
1091 1384 1239 1469 blandilo-

92 1480 167 1559 quio
179 1480 374 1539 hereditatem
386 1480 464 1542 senis
477 1494 663 1560 cupnverat3
685 1483 758 1563 quod
769 1490 893 1551 steterat,
908 1502 945 1541 ex
959 1502 1003 1551 eo,
1018 1481 1099 1560 quod
1111 1491 1172 1541 tem
1185 1480 1238 1545 diu

90 1580 282 1659 prostiterit’'
297 1580 394 1642 Schol.
454 1582 485 1642 iu
497 1582 748 1663 cumefmricis,
756 1584 788 1642 in
801 1582 934 1662 angustis
947 1580 1028 1641 cellis
1038 1590 1068 1641 et
1075 1583 1161 1643 veteri
1175 1603 1239 1645 cen·

88 1686 162 1737 tone
170 1678 436 1759 sempsclscemoe
445 1680 548 1759 soedis,
569 1682 623 1761 (ef.
638 1681 693 1757 VI,
709 1689 763 1743 121
786 1702 846 1762 seq.
866 1690 898 1743 et
920 1683 1001 1760 131.)
1023 1681 1125 1761 quales
1144 1679 1240 1745 soleut

86 1796 166 1835 esse
178 1776 210 1835 in
221 1776 382 1837 carceribus
394 1787 425 1838 et
437 1776 470 1837 in
481 1778 681 1858 lupanaribus·

132 1889 307 1944 eso-288.
331 1884 379 1954 Ut,
399 1884 429 1943 h.
442 1905 468 1945 e.
490 1888 624 1964 quamvis
644 1903 728 1946 senes
746 1886 837 1948 etiem
856 1884 943 1945 multi
963 1904 1084 1965 corpore
1097 1895 1128 1947 et
1140 1884 1239 1949 animo

86 1985 224 2063 rigant,
237 1985 270 2045 in
281 1985 373 2064 longa
384 1997 485 2047 tamen
496 1987 549 2046 illu
561 1988 623 2047 vio
634 1987 729 2046 multa
744 1987 848 2047 vident
867 1998 897 2045 et
915 1987 1069 2064 petuntur
1088 1988 1239 2051 acerbissi-

87 2105 149 2155 ma,
166 2104 234 2164 quae
245 2104 309 2146 uon
321 2088 487 2157 sensissent,
507 2088 565 2160 nisi
583 2089 623 2147 sd
641 2108 789 2147 summam
801 2088 943 2147 vixissent
961 2100 1150 2161 senectutem,
1163 2112 1240 2171 prae·

86 2198 241 2248 manuam
253 2188 489 2268 propinquorum
501 2200 637 2260 mortem,
649 2190 847 2269 miseramque
866 2189 998 2269 ipsorum
1017 2210 1052 2251 so
1064 2192 1167 2270 patrie
1179 2193 1241 2253 for.

87 2303 204 2351 tuum.
302 2290 427 2357 ducentis
439 2299 503 2351 runt
511 2290 626 2377 fimens
646 2299 775 2351 wtorsm
787 2291 907 2371 proprie
920 2290 1044 2351 dicitur:
1064 2310 1135 2351 nem
1147 2292 1180 2352 in
1192 2295 1241 2354 fu.

87 2388 193 2449 nebris
213 2406 335 2466 pompis
354 2388 458 2448 ordine
477 2390 621 2468 preibant
643 2409 678 2449 sc
700 2389 847 2459 ducebant,
871 2388 924 2467 qui
948 2387 1091 2466 sanguine
1113 2389 1240 2469 proximi

87 2497 246 2547 mortuum
266 2485 497 2564 contingebrut3
518 2486 651 2547 Henniu.
705 2494 775 2549 242.
790 2485 940 2556 sororibus,
961 2485 1109 2547 cineribus
1129 2506 1239 2549 esrrun.

87 2598 167 2650 245.
178 2596 253 2650 verte
265 2586 361 2668 nigro,
374 2588 466 2668 pulle,
480 2591 519 2651 ob
532 2588 657 2650 luctum.

130 2683 307 2748 246-255.
329 2690 405 2756 Qure
423 2688 512 2749 modo
530 2689 645 2750 dixerut
663 2698 759 2768 poeta,
779 2708 860 2749 nunc
873 2687 1000 2750 illustret
1013 2690 1148 2771 exemplo
1162 2691 1240 2756 Nes·

85 2792 184 2852 toris.
224 2791 302 2850 Conf-
314 2791 402 2852 simil.
415 2791 472 2854 loc.
485 2791 573 2870 Prop.
588 2791 633 2865 11,
650 2800 698 2867 18,
711 2798 843 2853 43-50.
925 2792 989 2852 ch
1003 2791 1115 2872 Pylius,
1131 2797 1240 2860 Noster

86 2911 153 2950 rex
168 2888 234 2967 Pyli
246 2889 276 2948 iu
290 2889 398 2964 Elide;
419 2911 508 2972 quem
520 2891 601 2951 ultre
620 2891 694 2951 dues
712 2890 867 2950 homiuum
880 2901 992 2962 aetstes,
1013 2893 1111 2970 ystrie,
1132 2893 1240 2956 vixisse

90 2987 189 3048 trudit
203 2985 348 3048 Homerus
361 2987 397 3047 ll.
412 3011 441 3060 α,
454 2996 517 3050 250
530 3009 591 3068 seq.
605 3009 667 3050 nou
679 3008 751 3049 vero
764 2989 839 3050 CCC
852 3008 953 3063 annos,
975 3009 1050 3068 quos
1063 2989 1091 3049 ei
1104 2990 1241 3055 tribuunt
1288 3055 1290 3060 ,

92 3086 275 3147 recentiores
288 3098 393 3166 poetae,
408 3107 535 3167 quorum
547 3107 677 3149 errorem
695 3087 853 3149 ridiculum
868 3089 985 3169 peperit
997 3109 1057 3150 vox
1070 3092 1145 3170 γενεὰ
1163 3092 1241 3154 male

93 3186 253 3254 intellecta.
263 3193 290 3232 ⁶⁵
330 3195 436 3282 Imque,
445 3195 477 3257 h.
489 3196 510 3255 1.
523 3216 585 3257 nou
600 3196 769 3266 Hmnerics,
791 3196 844 3256 sed
863 3195 996 3274 vulgaris
1009 3205 1126 3256 tuntum
1140 3197 1241 3280 opinio

94 3293 305 3356 mandendu-
343 3303 414 3364 247.
434 3297 498 3357 rite
510 3316 530 3356 a
543 3296 661 3369 cornice,
683 3318 703 3357 s
721 3296 845 3357 cornicis
865 3296 935 3366 vite,
955 3295 1107 3364 sementim
1131 3315 1192 3358 non
1212 3299 1241 3358 ei

95 3394 187 3472 paris,
200 3395 252 3455 md
264 3394 407 3476 proximae
420 3407 451 3458 et
463 3397 641 3478 longissime
653 3406 722 3476 post
733 3415 808 3455 eam.
852 3393 965 3454 Comici
977 3394 1110 3456 fabulose
1123 3398 1161 3458 sb
1172 3397 1240 3458 He·

94 3493 185 3552 siodo
196 3513 302 3557 novem
308 3497 464 3558 hominum
476 3509 576 3560 etates
583 3498 683 3571 tribui,
691 3497 824 3556 referunt
835 3493 911 3583 Elin.
921 3492 994 3566 VII,
1008 3501 1056 3556 48.
1066 3506 1097 3556 et
1106 3497 1238 3560 Macrob.

94 3596 170 3669 vn,
185 3605 214 3658 5.
222 3599 250 3638 ⁶⁶
262 3637 304 3650 -
317 3608 387 3662 248.
400 3611 449 3675 tot,
462 3603 528 3662 trie.
569 3610 639 3672 249.
653 3607 803 3680 competat,
816 3607 962 3670 numeret,
978 3599 1021 3678 (v.
1035 3599 1075 3660 sd
1087 3600 1143 3674 VI,
1155 3605 1238 3682 199.)

85 3695 155 3772 jan
169 3717 261 3757 uanos
272 3719 338 3758 recor
350 3699 469 3760 dextro.-
490 3721 560 3760 nem
573 3711 686 3761 veteres
705 3699 900 3758 numerabunt
920 3700 1165 3778 computubsutve
1184 3721 1239 3779 per

94 3795 216 3874 digitos,
237 3809 268 3859 st
280 3819 438 3861 numerum
452 3801 574 3881 quidem
594 3800 760 3861 centenario
779 3798 923 3859 minorem
943 3799 1077 3870 sinistre,
1097 3799 1240 3880 majorem

95 3900 212 3962 dextrae
226 3923 332 3965 manus
345 3904 456 3984 digitis,
476 3925 571 3986 usque
584 3904 623 3964 sd
636 3903 882 3973 ducentesimum,
902 3903 954 3981 qui
966 3923 984 3962 s
998 3903 1102 3963 derue
1121 3923 1239 3963 rursum

93 3999 137 4061 ad
150 4001 298 4078 sinistrum
309 4005 499 4077 referebatur,
521 4016 557 4065 ut
568 4003 772 4065 trecentesimo
792 4002 886 4082 major
900 4002 970 4061 inde
981 4002 1089 4062 iterum
1108 4001 1147 4066 ad
1166 4001 1239 4062 dex·

93 4107 183 4160 uam.
224 4102 272 4161 cf.
286 4101 447 4164 Schneider
466 4105 505 4164 sd
525 4101 627 4183 Edog.
648 4103 734 4183 phys.
756 4101 1110 4180 v01.11.p.317-s19.
1131 4100 1238 4161 Jacobs

132 4343 157 4372 ⁸
171 4359 196 4392 r.
216 4343 330 4395 Eustach-
349 4357 374 4397 et
391 4347 504 4412 Koppen
520 4347 551 4396 sd
573 4348 649 4399 Hom.
715 4347 735 4376 '¹
747 4347 786 4396 Cf.
802 4343 1052 4394 notaminis
1067 4353 1092 4395 et
1104 4343 1234 4396 Miseret.

93 4405 110 4455 l.
122 4408 143 4455 1.
158 4418 182 4457 et
192 4409 269 4475 intpp.
283 4411 372 4463 floret.
386 4413 435 4464 Od.
454 4416 493 4476 11,
507 4422 529 4472 9,
544 4419 580 4463 13.
684 4413 715 4462 ed
728 4413 814 4462 Horat.
830 4411 878 4462 Od.
894 4411 941 4470 lV,
957 4415 993 4469 13,
1006 4414 1045 4461 2⁵.
