3100 5250
471 509 521 573 ru
544 478 707 579 'Juvnu
733 516 832 582 ssu.
857 520 901 585 x.
1191 532 1253 590 oo

123 686 195 743 esse?
214 680 274 741 vid.
299 682 340 743 sbi
365 683 433 744 Vsr.
457 686 538 747 Leet.
560 724 600 737 -
621 696 689 749 328.
712 690 881 752 Concussm
903 712 942 766 se,
963 704 1083 776 propter
1103 698 1250 777 repulsam

123 794 357 856 memorassem,
378 789 542 849 excitarunt
562 812 593 851 se
612 792 693 854 iratos
706 796 745 855 ad
759 796 926 868 vindictam,
941 808 976 857 ut
989 820 1035 878 up.
1051 799 1131 860 Flor.
1146 802 1205 875 111,
1223 811 1249 862 1.

122 908 160 967 pr.
173 908 224 945 nos
237 888 333 948 leniter
345 909 374 950 se
387 890 524 951 Numidia
538 895 673 954 mamurii
686 896 725 954 ad
736 898 940 975 pugnandum,
960 901 998 959 ad
1010 901 1121 960 bellum
1136 904 1249 965 fortiter

122 986 283 1066 gerendum
327 988 430 1047 Genus
448 988 627 1070 loquendis
646 993 740 1063 leone,
762 996 813 1073 qui
833 997 925 1057 iratus
938 1018 969 1057 se
982 1000 1164 1080 caudamque
1179 1020 1248 1062 con·

122 1091 195 1161 eutit,
206 1090 333 1168 petitum
346 1091 473 1163 uidetur,
485 1113 546 1154 non
559 1118 578 1155 s
590 1095 791 1168 luctatoribus,
806 1100 858 1178 qui
871 1102 1008 1161 certaturi
1022 1123 1125 1164 munus
1139 1125 1246 1165 coucu-

123 1194 209 1264 tinnt;
234 1194 294 1253 nisi
314 1194 417 1256 malis:
448 1217 607 1257 concussere
629 1218 669 1271 se,
693 1200 822 1259 mimum
846 1202 1002 1279 agitaruut,
1023 1205 1182 1268 vindictam
1202 1229 1246 1268 se-

117 1308 183 1350 eum
200 1291 300 1350 animo
318 1294 495 1354 volutarunt.
538 1298 623 1359 Conf-
642 1298 726 1377 Virg.
750 1298 904 1369 AEn.·VII,
921 1308 989 1360 388.
1010 1302 1109 1381 ibique
1129 1304 1245 1383 Heyne.

123 1390 174 1448 Sed
198 1391 276 1450 illud
299 1393 396 1472 aptius
422 1394 607 1475 graviusque.
663 1404 731 1468 329.
757 1399 957 1478 Quumpudor
977 1402 1097 1460 obrem
1117 1413 1245 1482 turpem,

121 1486 226 1565 qualem
243 1489 463 1551 meditabuntur
483 1492 607 1553 Phaedra
626 1504 657 1554 et
677 1494 862 1567 Stheneboea,
883 1496 1006 1556 stimulos
1024 1496 1147 1557 admouet
1174 1500 1244 1569 odio,

120 1586 241 1647 sooendit
271 1589 373 1649 odium
399 1602 429 1651 et
454 1592 536 1652 irum.
586 1594 689 1654 Genus
714 1594 855 1675 loquendi
884 1606 987 1655 notum
1016 1596 1198 1677 ductumque
1227 1620 1245 1657 u

123 1684 223 1756 abusio,
254 1686 346 1769 ningo
364 1708 386 1748 s.
408 1693 551 1775 cooperies,
578 1714 639 1773 quo
658 1693 728 1774 equi
754 1704 806 1753 aut
832 1696 922 1755 boves
945 1700 1086 1756 urstores'
1099 1696 1194 1775 pungi
1215 1706 1245 1757 et

113 1792 222 1871 ¹incitari
251 1793 392 1866 solebant,
413 1796 493 1858 unde
514 1800 650 1876 proverb.
675 1800 734 1879 egle
756 1798 844 1878 singu
868 1796 997 1877 λακτίζειν
1023 1809 1053 1858 et
1085 1799 1245 1879 κεντρηνεκέας

118 1893 320 2043 5“inliti-345.
342 1977 574 2037 Puleritudinem
597 1998 660 2037 esse
684 1978 811 2046 noxiam,
837 1940 977 2057 probatur
998 1978 1085 2037 etium
1109 1976 1245 2056 exemplo

116 2072 142 2128 C.
155 2072 228 2145 Silii,
255 2074 374 2153 juvenis
401 2076 601 2135 formosissimi
626 2086 658 2135 et
680 2075 809 2136 consulis
829 2075 983 2152 designati,
1006 2076 1055 2135 cui
1078 2076 1242 2147 Messalina,

116 2169 226 2231 Claudii
242 2173 318 2251 Imp.
331 2194 415 2245 uxor,
429 2175 530 2234 insano
542 2194 641 2233 umore
653 2185 748 2253 capta,
766 2174 865 2253 palem
878 2174 988 2251 nupsit,
1008 2175 1127 2232 absente
1140 2175 1244 2235 morito

114 2274 284 2354 Ostiamque
296 2277 427 2337 sacrificii
441 2298 527 2339 osuss
537 2279 689 2356 profeet03
711 2299 778 2358 quae
796 2288 827 2338 et
846 2278 902 2356 ipsi
923 2290 953 2337 et
974 2276 1044 2335 Silio
1065 2296 1151 2335 musa
1163 2276 1244 2337 exitii

113 2379 169 2437 init.
189 2398 220 2437 v.
238 2378 309 2438 Tac.
322 2381 401 2439 Ann.
416 2380 473 2447 xl,
488 2388 516 2439 5.
532 2388 658 2441 12—38.
701 2381 781 2441 Nota
793 2380 869 2441 Ach.
884 2391 946 2441 est:
973 2390 992 2417 ‘¹
1005 2377 1159 2439 Juvenslis
1170 2379 1199 2437 h.
1213 2379 1243 2450 l.,

115 2478 168 2555 ipe
178 2477 305 2539 historie
316 2479 424 2551 mitior,
443 2482 475 2539 in
495 2480 567 2541 Silio
585 2481 681 2541 multo
692 2481 812 2561 majoris
825 2480 912 2559 pretii
929 2478 1026 2537 virum
1044 2478 1130 2539 nobis
1149 2479 1242 2550 offert,

115 2602 194 2661 quam
212 2602 248 2642 re
269 2602 338 2644 vera
350 2584 427 2646 fuit:
446 2604 517 2644 nam
540 2583 629 2645 Silius
642 2585 762 2664 quiden’r
782 2607 800 2645 a
818 2583 974 2646 Messalina
996 2581 1165 2643 sollicitetur
1188 2582 1244 2643 Ju-

114 2681 187 2740 uism
200 2682 328 2742 Silanum
341 2703 464 2744 uxorem
476 2704 559 2744 suam
572 2685 739 2763 repudiavit
747 2708 758 2755 3
779 2695 811 2746 ut
825 2683 875 2744 ille
894 2682 983 2763 paulo
1003 2692 1078 2760 post,
1099 2691 1129 2740 et
1148 2682 1242 2742 umbi·

113 2780 189 2840 tione
199 2781 321 2859 pessima
333 2783 450 2852 duetus,
468 2783 655 2844 othonorum
673 2795 761 2863 utque
782 2783 958 2862 dignitatum
972 2801 1024 2860 spe
1037 2792 1134 2840 mente
1148 2801 1240 2840 oeeoe-

116 2884 314 2963 sutus,ipsa1n
338 2886 466 2948 vicissim
490 2887 678 2946 Messalinum
697 2887 824 2966 impulit,
849 2898 883 2947 ut
902 2887 1017 2946 insanus
1037 2883 1102 2944 illas
1122 2887 1240 2963 nuptias

114 2984 272 3046 celebraret
293 3009 320 3046 u.
341 2987 410 3048 Tse.
425 2991 506 3049 Ann.
521 2973 576 3058 XI,
591 2988 657 3048 263·
698 2989 787 3049 Silius
806 3000 904 3049 umen
927 2987 960 3046 id
982 2987 1051 3046 fecit
1071 2987 1240 3048 necessitate

115 3096 230 3158 maus,
252 3089 386 3168 quemvis
404 3107 465 3148 uon
484 3089 525 3148 ita
538 3102 634 3149 castus
647 3100 678 3148 et
690 3089 831 3168 propositi
844 3099 943 3158 mnan,
967 3098 1001 3147 ut
1014 3084 1198 3164 Hippolytus
1211 3100 1241 3147 et

116 3181 310 3263 Bellerophon,
337 3196 435 3246 tamen
456 3205 517 3246 nou
536 3187 634 3246 minus
668 3187 729 3246 fere
752 3186 862 3266 dignus
884 3187 950 3256 fuit,
979 3186 1063 3265 cujus
1089 3185 1238 3246 miserere·

115 3303 179 3342 mur.
191 3319 232 3334 ·-
244 3285 340 3365 Elige,
360 3287 418 3358 dio,
439 3287 571 3367 quidnam
590 3287 760 3346 suadendum
781 3307 840 3346 esse
860 3293 942 3364 putes
962 3285 1043 3354 Silio,
1064 3284 1239 3362 precibusne

118 3381 271 3444 Mortaline
297 3386 475 3464 obsequatur
501 3406 626 3464 eamque
651 3405 772 3446 uxorem
796 3384 894 3452 duest,
918 3403 974 3442 nee
996 3386 1058 3442 ne?
1107 3385 1138 3443 Si
1162 3384 1237 3443 dux-

115 3485 173 3560 ¹eu't,
191 3487 357 3566 periculum
380 3490 481 3548 mortis
503 3488 695 3548 metuendum
718 3509 736 3546 a
759 3485 902 3556 Claudio,·
923 3485 946 3544 si
965 3485 1107 3558 abnuerit,
1127 3507 1145 3544 u
1159 3487 1237 3546 Mes-

118 3585 200 3647 salina„
251 3590 390 3649 Conditio
413 3591 512 3670 itaque
533 3591 597 3668 ejus
620 3589 782 3650 miserrima
809 3585 877 3646 fuitx
893 3599 1063 3667 certumque
1089 3600 1130 3649 et,
1144 3591 1236 3648 inevi-

117 3686 336 3750 tsbdeexitium.
377 3697 444 3750 332.
465 3689 577 3769 rapitur
601 3689 690 3750 Silius
713 3687 877 3748 Messalino
888 3687 982 3757 oeulis,
1010 3708 1108 3747 amore
1130 3689 1235 3748 arden·
1322 3679 1328 3705 '

117 3783 192 3856 tibus,
210 3788 241 3846 ln
256 3808 284 3848 e.
303 3807 402 3850 amore
421 3788 485 3868 ejus
504 3788 652 3848 detinetur
667 3807 702 3846 se
722 3784 896 3854 devincitur,
916 3785 1138 3864 exstinguendus,
1159 3788 1237 3864 peri·

118 3897 197 3960 turus,
217 3900 253 3951 ut
271 3902 387 3968 pereat:
408 3911 478 3949 nam
490 3889 568 3950 oculi
587 3890 635 3948 vel
654 3888 743 3950 facies
762 3885 884 3966 ulioeque
904 3897 1001 3964 partes
1021 3887 1150 3964 corporis
1168 3888 1235 3965 pul-

117 3986 184 4048 chre
195 3990 404 4069 adspicientem
417 4009 525 4070 cepere,
538 4009 649 4068 rapere,
669 3987 723 4050 sibi
735 3987 879 4064 subripere
896 3995 926 4045 et
945 3986 1041 4046 venari
1054 3985 1201 4046 dicuntur.
1211 3986 1235 4030 ⁷³

117 4090 184 4151 lide
200 4095 353 4173 junguntz
383 4091 731 4172 rapitur-,exstinguendus
752 4087 838 4148 oeulis
862 4085 1035 4156 Messalina,
1059 4087 1235 4150 occidendus

115 4197 281 4258 auunculus
293 4196 367 4276 ejus.
973 4207 976 4216 '

117 4412 269 4538 Odlvovig,
277 4416 407 4528 ςἐδιιιᾸΙΙ,
421 4421 458 4473 ΙΙ,
470 4420 510 4465 48.
526 4415 610 4465 Burro.
623 4414 654 4464 sd
672 4414 767 4464 Pbodr.
783 4415 828 4473 IV,
841 4419 864 4472 ⁴,
876 4417 899 4463 4.
912 4419 937 4462 et
953 4411 1083 4461 Miuoherl.
1100 4411 1129 4460 ad
1143 4412 1230 4462 Horat.

207 4514 217 4540 ,
308 4513 315 4529 .

636 4585 702 4633 Fre
