3100 5250
444 474 494 539 IN
517 470 689 543 JUVENt
706 474 809 541 sl‘r.
836 474 895 540 IV.
1186 480 1243 540 ltt

109 640 216 703 duntur
228 642 365 723 pnigitis,
380 644 411 707 h.
424 646 443 707 l.
457 647 540 709 cibus
553 648 726 727 exquisitior
740 659 771 709 et
783 648 901 727 copiose
919 657 1045 717 sumtus,
1066 656 1121 707 tut
1139 646 1246 725 potius,

107 744 183 823 qaod
203 743 296 805 Hein.
320 760 432 818 mouct,
456 749 597 811 rhombus
617 748 747 830 pinguis.
790 750 888 809 Verba
906 769 935 807 ι.
949 746 998 809 68.
1013 746 1064 817 69.
1085 747 1259 808 adulatorie·

107 844 187 905 dicta
228 846 297 906 “In
317 850 422 909 carulo
445 858 493 909 trra
518 863 581 911 est:
610 852 643 911 in
665 866 799 931 tempora
824 850 908 930 regni
935 849 988 910 tui.
1031 848 1171 909 semum
1194 868 1250 927 pro

108 954 231 1023 tempore
243 945 334 1023 regni
347 946 472 1027 alicujus
490 949 680 1029 Imperatoris
692 950 896 1030 frequentatur
907 948 998 1029 bajus
1011 948 1105 1008 aetatis
1121 947 1247 1026 scripto-

107 1044 194 1116 rinus,
219 1048 350 1108 maxime
380 1049 476 1110 Plinio
493 1052 646 1131 J'uniori;”
678 1053 767 1113 Heio.
783 1052 888 1123 -69.
903 1060 951 1121 70.
994 1052 1068 1112 Hac
1093 1070 1251 1130 perperam

108 1146 235 1229 plerique
256 1150 298 1209 ita
323 1152 566 1231 interpretantur,
587 1166 622 1215 ut
642 1156 739 1217 verbis
760 1154 923 1234 piscatoris,
944 1154 1003 1235 ipse
1022 1153 1163 1214 rhombus
1182 1153 1250 1233 copi

108 1248 197 1322 adsit,
214 1251 366 1331 judicium
388 1274 476 1315 suum
495 1257 663 1336 interponat
681 1269 785 1337 poeta:
807 1257 876 1338 qaid
895 1256 1031 1339 apertius,
1056 1253 1249 1325 manifestius,

108 1352 166 1414 acii.
179 1354 232 1415 hac
243 1355 416 1419 eduladone
425 1380 436 1430 ς
457 1366 484 1419 et
504 1368 597 1421 tomes
617 1360 669 1431 illi,
695 1359 880 1433 Domitiano,
902 1358 1055 1439 surgebant
1075 1357 1177 1423 crisim
1199 1356 1250 1415 ille

106 1453 201 1513 animo
219 1455 406 1529 efferebatur,
428 1458 598 1521 adulatione
619 1460 843 1529 intumescebat,
866 1459 1039 1537 metaphora
1056 1458 1190 1520 desumto
1210 1458 1250 1517 ab

107 1554 209 1615 atibtm
222 1558 355 1630 cristatis,
371 1580 497 1639 quarum
516 1561 612 1621 cristae
629 1562 785 1623 erectiores
804 1558 963 1621 alacritatis
985 1580 1021 1619 ec
1041 1558 1187 1637 superbire
1206 1558 1251 1619 in·

107 1658 185 1717 dieis
197 1668 273 1730 sunt,
287 1679 347 1740 quo
359 1680 448 1721 sensu
463 1662 556 1723 Gallis
571 1662 680 1723 dicitur
692 1664 768 1723 tener
780 1662 811 1725 lo
826 1663 903 1725 erite
921 1675 953 1723 et
972 1673 1075 1723 contre
1094 1661 1203 1721 baisser
1221 1660 1250 1723 lo

105 1758 187 1831 otte,
211 1772 245 1821 ut
266 1762 351 1824 nobis
371 1764 429 1823 ilar
449 1762 569 1825 solmiIlt
587 1764 639 1825 der
658 1766 757 1826 kann.
798 1768 923 1827 Praeamt
945 1764 1071 1826 aliorum
1093 1764 1248 1833 sententia,

103 1876 163 1935 qua
175 1858 266 1919 verba
280 1862 368 1921 etiem
383 1862 454 1943 quid
466 1862 620 1942 amiur?
639 1863 793 1941 piscaturis
805 1875 883 1934 suut,
905 1862 1039 1933 dicentis,
1060 1860 1134 1941 quid
1153 1860 1248 1922 maai·

103 1954 201 2016 festius
215 1978 282 2019 esse
295 1970 403 2037 potest,
418 1982 506 2039 quam
520 1961 631 2039 piscem
650 1960 716 2041 copi
736 1962 862 2030 mlebae,
882 1973 918 2021 ut
936 1982 954 2020 a
974 1972 1006 2021 te
1027 1960 1249 2031 comederam

99 2072 187 2131 quarn
202 2054 408 2115 aduletioncm
421 2067 507 2133 pocta
520 2056 563 2116 sic
574 2057 704 2117 refutat:
726 2065 753 2117 et
770 2066 863 2117 merres
883 2056 926 2115 illi
945 2076 985 2117 sc.
1010 2057 1136 2124 rhombo
1155 2056 1249 2116 erietoe

101 2154 219 2234 (spine,
234 2157 347 2235 pinnae,
358 2156 525 2237 florfedere,
539 2168 575 2219 ut
586 2158 667 2219 rades
679 2179 709 2218 v.
727 2162 809 2237 128.)
823 2159 1016 2238 insurgebant,
1032 2159 1246 2236 (ucecensis

96 2263 177 2335 tergo
191 2256 282 2313 suda
294 2275 324 2314 v.
339 2258 422 2334 128.)
436 2276 496 2335 quo
515 2257 661 2335 prodebat
680 2255 915 2335 indignationem
933 2268 965 2315 et
983 2256 1069 2324 irem,
1088 2257 1171 2334 quod
1182 2278 1251 2335 cap·

96 2366 148 2416 tus
173 2366 267 2426 esset,
286 2366 318 2417 et
336 2357 528 2434 significabat,
543 2378 573 2419 se
586 2358 652 2437 cepi
666 2357 797 2419 noluisse
808 2368 841 2417 et
853 2378 872 2417 a
883 2367 967 2417 tanto
980 2367 1108 2436 tyranno
1119 2376 1155 2418 sc
1167 2378 1251 2420 mon·

96 2466 158 2516 stro
173 2456 326 2526 cmrsumi,
339 2456 474 2535 adeoque
486 2457 536 2517 ills
549 2478 567 2518 a
580 2458 726 2536 piscatore
739 2475 800 2515 non
812 2454 869 2515 uisi
887 2475 941 2534 per
957 2452 1155 2522 eduletionein
1173 2456 1253 2517 dicte

98 2574 179 2613 esse:
204 2554 292 2633 quod
305 2564 405 2614 tamen
418 2574 478 2615 non
490 2556 583 2615 seruit
598 2554 805 2626 Domitianus3
824 2570 893 2613 nam
908 2551 981 2611 nihil
990 2560 1040 2622 est,
1053 2553 1129 2632 qaod
1138 2555 1253 2613 nedae

100 2669 154 2718 oet.
195 2657 292 2717 Hauc
304 2657 517 2736 interpretandi
536 2658 679 2736 ratbnem
699 2660 805 2736 probat
825 2655 1028 2733 Bredencamp
1046 2654 1085 2713 ior
1107 2657 1250 2736 Megetis

102 2759 166 2838 fler
187 2759 313 2819 Scirulen
338 2759 404 2818 vot.
419 2760 444 2820 1.
458 2780 488 2839 p.
503 2768 572 2820 441.
591 2767 661 2822 442.
682 2759 735 2822 sed
757 2757 830 2820 ibid.
850 2779 880 2837 p
901 2765 969 2818 452
992 2769 1088 2836 putat,
1105 2759 1249 2838 mojorem

106 2859 179 2918 l‘orte
197 2858 272 2920 huic
292 2859 359 2918 loco
380 2859 440 2918 vim
466 2859 568 2930 inesse,
593 2859 619 2919 si
640 2861 733 2922 verbs
754 2879 872 2938 quoque
888 2857 958 2939 qaid
975 2858 1133 2937 amedee?
1153 2871 1249 2938 poete

104 2961 282 3032 tribuantur,
310 2963 395 3042 isque
418 2961 555 3042 piscatori
576 2961 686 3022 ironice
709 2960 886 3040 respondeat
907 2970 938 3020 et
966 2960 1160 3038 suffragetur:
1181 2963 1251 3040 quid

106 3063 257 3142 opertim
277 3061 344 3142 quis
355 3063 396 3124 de
409 3083 445 3122 eo
456 3063 598 3124 dubitet?
617 3069 643 3122 et
657 3071 749 3122 tossen
764 3062 808 3122 illi
820 3061 895 3142 pisci
905 3062 1002 3125 cristae
1013 3060 1190 3141 urgebam.-
1211 3081 1251 3122 ex

107 3185 166 3245 quo
179 3167 368 3247 intelligitur,
382 3185 473 3246 quam
485 3183 589 3226 verum
600 3165 638 3226 sit
651 3165 731 3244 quod
744 3164 828 3226 dicis.

146 3271 194 3331 70.
204 3272 254 3332 71.
268 3265 420 3326 Sententia
432 3263 639 3326 communisset
652 3261 863 3341 epiphonema,
877 3280 939 3339 quo
952 3271 1040 3338 poeta
1053 3261 1249 3323 narrationem

109 3383 191 3425 maru
203 3365 418 3446 interrumpere
430 3365 522 3436 solet;
542 3364 633 3426 Multi
646 3364 809 3433 homiuum,
824 3362 974 3440 precipue
994 3361 1025 3433 ii,
1045 3363 1099 3442 qai
1119 3363 1249 3423 divinam

111 3465 169 3524 arbi
180 3475 350 3542 potestatem
363 3465 604 3544 majestatemque
617 3463 778 3532 vindicant,
792 3460 883 3522 edam
901 3459 938 3522 iis
958 3460 1093 3531 credam,
1113 3463 1166 3543 qui
1184 3463 1249 3524 siue

113 3565 228 3646 pudore
239 3567 401 3628 adulantur.
422 3568 468 3627 Ct'.
477 3568 578 3628 Senes.
593 3565 687 3646 Epist
702 3565 787 3626 tht
800 3563 878 3626 mesl-
919 3563 1106 3627 Domitianus
1119 3585 1248 3645 quoque,

114 3681 153 3728 ut
164 3669 302 3750 Caligula,
323 3673 418 3750 (Suet
433 3671 496 3734 cat.
511 3673 575 3751 22.)
590 3669 780 3736 Aurelianus,
795 3667 896 3736 Carus,
913 3667 1126 3738 Diocletianus,
1141 3667 1250 3728 Antio·

113 3768 201 3844 chea,
222 3770 384 3832 Alexander
403 3771 448 3832 M.
467 3783 499 3832 et
519 3769 595 3850 inpr.
620 3787 705 3848 reges
727 3765 868 3836 Orientis,
892 3768 988 3844 (Curt.
1007 3767 1099 3838 v111,
1121 3769 1165 3845 ⁵.)
1188 3784 1251 3824 non

113 3871 242 3944 salutari,
268 3875 321 3934 sed
345 3873 467 3945 adorari,
495 3893 552 3934 nec
578 3871 635 3933 niel
662 3869 801 3930 Dominis-s
834 3889 869 3926 ao
894 3868 975 3928 Deus
1000 3867 1144 3947 appellari
1172 3865 1251 3928 role-

112 3971 173 4035 tas
184 3973 207 4016 ¹⁸
284 3975 352 4036 Diis
363 3996 445 4058 reque
454 3981 585 4056 potestas,
595 3975 691 4052 Reges
703 3981 734 4032 et
748 3973 943 4051 Imperatores
956 3971 1101 4039 brasium,
1113 3969 1251 4046 msam

111 4071 278 4144 etnam,
306 4077 410 4156 (sard)
432 4075 515 4145 δέμας
541 4071 703 4132 &herdensi
727 4071 838 4136 ἒωκόιις.
852 4105 894 4119 -
912 4074 958 4133 72·
977 4065 1086 4146 patine
1109 4081 1247 4136 memte,

111 4173 210 4252 patina
221 4176 291 4235 satis
302 4193 421 4254 magna,
436 4183 472 4236 ut
484 4173 634 4250 integrum
647 4179 764 4250 cuperet
777 4167 898 4247 piscem,
907 4164 1022 4226 meret.-
1038 4164 1120 4242 quod
1133 4163 1164 4224 ia
1183 4167 1249 4228 cse-

140 4361 158 4392 Β
173 4377 196 4410 r.
215 4361 283 4410 Suet.
298 4361 373 4409 Doni.
389 4365 426 4409 15.
441 4357 546 4408 Martini.
560 4355 592 4412 V,
604 4361 627 4415 8,
643 4361 663 4404 1.
697 4361 752 4404 aaa.
764 4360 820 4406 491.
830 4353 931 4414 Eutrop.
942 4350 988 4406 tx.
1000 4355 1036 4398 16.
1048 4359 1074 4398 et
1085 4350 1170 4402 nutet.
1183 4353 1248 4404 Vnt.

112 4427 238 4488 Spanberrr.
250 4425 281 4476 de
295 4427 349 4476 Usu
360 4436 385 4474 ct
401 4421 442 4473 I‘r.
457 4425 535 4472 Num.
551 4421 616 4470 Disa
631 4417 662 4468 V.
696 4422 860 4471 decessere.
873 4425 914 4469 39.
928 4415 970 4467 ubi
980 4433 1002 4466 ι.
1014 4417 1117 4466 omae.

110 4487 663 4555 incommunicatis
705 4559 707 4564 Ι
