3100 5250
477 389 529 460 IN
550 385 714 461 JUVEN.
739 393 839 460 SAT.
862 392 923 460 VI.
1199 397 1262 458 28⁵1

118 561 285 628 laudaverit
299 567 331 626 in
345 585 437 646 opere
451 589 514 640 suo,
535 579 587 630 aut
598 569 656 630 hoc
669 569 780 630 factum
794 587 856 628 esse
866 567 989 647 propter
1000 568 1075 628 iram
1088 564 1266 635 Quintiliani

118 669 143 728 iu
155 681 294 748 poetam,
308 671 511 751 suspicabatur
525 671 634 752 Rigalt.
648 673 680 731 in
693 673 771 734 Dias.
787 673 826 732 de
839 673 899 732 Sat.
914 673 935 732 J
937 691 1023 730 uv.
1056 671 1157 732 Verba
1168 684 1268 732 tamen

115 768 176 826 ul.
189 769 289 830 etiam
303 771 337 829 in
349 771 466 830 laudem
480 771 554 832 tanti
567 771 691 832 rhetoris
703 771 783 832 dicta
796 771 890 831 sideri
907 780 1040 849 possunt,
1060 780 1090 831 ct
1104 772 1200 831 satiroe
1213 772 1269 833 Ju-

115 871 232 934 venalls
244 872 383 932 nondum
397 873 510 951 scripte
523 885 615 945 erant,
627 871 731 934 saltem
744 893 805 934 nou
814 874 911 944 edite,
921 893 1014 951 quum
1025 872 1165 933 scriberet
1174 873 1270 946 Quin·

115 971 256 1034 tilianus.
299 975 345 1034 ef.
360 974 398 1034 sd
410 963 480 1044 vlt,
498 981 554 1034 1ss
570 993 631 1054 seq.
650 985 680 1035 et
694 973 868 1036 Dodweuus
880 974 911 1034 in
924 972 1033 1034 Amal.
1046 973 1172 1046 Quintil
1187 975 1202 1050 t
1217 982 1269 1035 45.

115 1074 169 1136 De
191 1097 273 1138 voce
292 1078 371 1138 sodet
389 1097 416 1136 v.
436 1076 577 1138 Schelleri
590 1077 690 1138 Lexic.
704 1077 829 1149 coloreas,
849 1082 938 1159 χρόαι,
958 1077 1085 1156 speciem
1099 1077 1270 1150 honestatis,

115 1190 315 1255 praetextum,
336 1177 560 1251 excusationem,
578 1179 709 1258 speciosa
728 1199 763 1240 ac
786 1179 942 1258 splendida
960 1181 1059 1249 verba,
1084 1201 1151 1258 qua
1173 1179 1270 1259 culpa

116 1275 191 1336 lruic
204 1278 393 1355 pretendere
406 1278 510 1356 possis.
551 1278 576 1336 F
577 1274 660 1338 'orma
672 1278 815 1356 loquendi
829 1278 918 1338 ducta
932 1298 949 1338 a
962 1278 1094 1357 picturis,
1104 1278 1212 1357 quibus
1225 1299 1270 1339 eo-

117 1379 190 1440 lores
209 1379 405 1442 inducuntur.
450 1380 531 1442 Hinc
552 1379 676 1450 Quintil.
698 1381 758 1452 111,
774 1389 804 1450 8,
818 1387 846 1443 3.
869 1382 948 1461 (10.)
969 1381 1047 1441 dixit
1063 1381 1177 1442 οοὶονω
1199 1382 1272 1442 dore

120 1480 203 1540 retu
223 1479 406 1560 defonuibss,
427 1491 463 1544 ut
483 1499 546 1554 nos,
570 1481 622 1542 der
640 1481 722 1542 sach
741 1479 801 1541 ciue
812 1480 914 1560 sarde,
938 1480 1018 1540 cinca
1035 1482 1161 1542 uastriolr
1172 1481 1269 1562 geber.
1301 1486 1306 1495 ’

123 1583 171 1644 Cl'.
186 1583 226 1642 ad
237 1582 311 1654 Vll,
328 1590 397 1646 155.

167 1692 236 1746 281.
252 1685 423 1764 Respondet
436 1685 651 1754 Quintilianus:
674 1687 818 1759 duremur,
837 1687 946 1758 haereo,
967 1688 1077 1748 dubius
1095 1709 1131 1750 ac
1143 1690 1271 1764 nescius,

124 1803 183 1864 qua
197 1785 314 1844 ratione
326 1805 391 1844 rem
411 1795 471 1844 tam
486 1785 669 1848 manifestam
682 1787 792 1865 possim
805 1787 985 1859 defendam
1008 1787 1219 1866 (vallaremur
1230 1807 1271 1849 so

124 1902 188 1960 ego,
201 1891 303 1960 poeta,
317 1893 348 1940 et
362 1881 577 1962 Quintilianus)
593 1881 693 1961 itaque
706 1883 751 1944 dic
765 1883 838 1962 ipsu,
852 1905 936 1946 uxor.
1019 1884 1093 1944 otia
1105 1892 1270 1945 maceraret

125 2015 165 2032 -
174 1982 256 2041 loono
266 2001 326 2040 rsus
341 1983 432 2042 verba
447 1982 545 2042 uxoris
564 1995 719 2062 protervae,
739 1982 882 2044 adulteria
902 2003 956 2043 sus
967 1995 1071 2062 argute
1083 2003 1144 2043 non
1161 1984 1269 2054 minus,

128 2101 219 2159 quam
231 2079 370 2140 audacter
382 2079 558 2140 excusantis.
599 2085 667 2140 283.
682 2079 844 2160 Indulgere,
859 2081 1027 2151 concedere,
1037 2080 1105 2138 milri
1117 2081 1178 2143 scil.
1187 2081 1270 2160 quod

131 2183 253 2253 uellem,
277 2182 325 2243 tel
349 2182 502 2262 indulgere,
527 2183 658 2261 obsequi,
681 2183 758 2253 milii,
784 2184 936 2242 animost
957 2182 1166 2261 cupiditatibus
1189 2185 1270 2245 meis.

135 2303 214 2342 arare
233 2282 298 2342 ooeio
315 2281 478 2360 confundar,
499 2301 528 2342 v.
542 2281 581 2342 ud
598 2281 641 2353 Il,
656 2289 715 2366 25.
787 2283 866 2344 domo
884 2303 956 2353 rum,
980 2282 1032 2361 qui
1053 2283 1202 2342 erroribus
1221 2283 1273 2342 ob-

132 2386 240 2446 noxius
260 2397 313 2458 est,
335 2397 364 2446 et
385 2385 501 2456 mulier,
524 2405 591 2463 quse
613 2405 651 2446 ex
671 2384 872 2446 imbecillitate
890 2405 978 2445 sexus
1002 2395 1115 2464 peccat,
1137 2384 1270 2465 adeoque

132 2486 224 2564 digua
239 2505 315 2555 snm,
337 2486 424 2564 cujus
443 2483 580 2564 pocmtis,
601 2503 639 2544 ex
660 2482 829 2546 infirmitate
848 2483 977 2546 bumana
995 2484 1143 2565 proiectis,
1157 2485 1273 2546 veniam

132 2584 193 2645 des.
219 2585 264 2645 Cf.
279 2585 398 2645 Terent.
416 2584 524 2645 Hesut.
540 2583 565 2657 1,
583 2589 610 2655 1,
625 2589 673 2643 25.
691 2583 750 2644 Cic.
766 2583 1272 2658 0ffi1,9.etPlaut.Mero11,a,

133 2686 174 2747 46
189 2706 251 2763 seq.
264 2721 304 2735 -
316 2691 386 2745 284.
402 2691 471 2745 285.
486 2686 602 2745 Acerba
615 2694 733 2745 notatur
741 2684 893 2763 ingenium
901 2684 1093 2762 quarumdam
1104 2684 1271 2757 mulierum,

136 2810 203 2868 quae
216 2789 390 2868 άφκήιπεα
402 2789 432 2847 ia
446 2787 561 2849 crimine
579 2808 640 2849 non
660 2788 757 2847 animo
777 2788 986 2867 perturbantur
1004 2808 1040 2847 ac
1059 2800 1157 2849 mente
1174 2790 1272 2849 conci·
1320 2850 1325 2859 ,

134 2888 216 2959 dunt,
241 2888 294 2949 sod
316 2887 391 2947 irum
411 2888 510 2965 potius
533 2887 602 2949 inde
621 2888 793 2967 concipiunt
812 2897 895 2967 utque
906 2886 1022 2958 unimur,
1042 2885 1183 2956 animum,
1202 2887 1233 2945 h.
1246 2908 1272 2947 e.

130 2987 283 3048 audaciam
296 2985 546 3065 superbiamque;
570 2984 651 3066 quod
665 3006 787 3045 summae
799 2997 844 3047 cst
855 2984 1052 3065 protervitatis
1065 2984 1273 3063 improbitatis-

131 3109 187 3167 que
205 3086 342 3167 perditae.

169 3185 347 3247 286-800.
367 3184 438 3245 Huc
452 3183 589 3245 vitiorum
603 3182 840 3263 flagitiorumque
853 3182 1041 3243 muliebrium
1053 3191 1175 3243 monstra
1189 3182 1274 3257 luxu,

133 3284 283 3363 opulentia
297 3296 328 3344 et
341 3285 402 3343 otio
415 3283 588 3362 gignuntur,
604 3283 682 3345 uude
694 3282 798 3361 priscis
812 3281 960 3350 Romanis,
983 3293 1060 3341 caste
1072 3302 1107 3341 ac
1120 3282 1273 3361 frugaliter

136 3382 313 3453 virentibus,
336 3384 438 3460 ignota
451 3394 544 3443 ararit.
569 3438 573 3445 ,
586 3380 727 3442 Praeclara
740 3390 838 3439 autem
851 3378 882 3435 h.
896 3377 916 3435 L
930 3388 974 3437 eat
987 3389 1119 3437 veterum
1132 3380 1273 3441 recentio-

139 3503 263 3563 rumque
275 3498 442 3564 temporum
454 3504 629 3564 morumque
641 3484 800 3561 descriptio
811 3494 843 3543 et
852 3483 1040 3561 comparatio.
1067 3484 1152 3544 Cous.
1165 3484 1205 3544 ad
1217 3485 1272 3555 XI,

142 3594 290 3653 'lt-180.
310 3590 453 3660 Monstro,
473 3600 509 3648 ut
523 3586 659 3667 prodigio
671 3608 736 3665 sup
750 3607 780 3645 v.
794 3592 842 3645 84.
876 3587 962 3647 Cous.
974 3589 1014 3647 ad
1027 3586 1070 3659 ll,
1087 3596 1153 3649 122.
1174 3609 1228 3670 pso
1239 3589 1275 3648 de
1293 3614 1296 3619 ¹

128 3684 218 3763 soate
231 3686 426 3765 produxerint,
440 3686 570 3767 requiris,
591 3706 705 3765 quaeras
718 3686 826 3754 forsan,
847 3686 993 3747 Postume.
1038 3694 1098 3755 287
1113 3709 1173 3767 seq.
1188 3686 1273 3746 Cous.

137 3806 205 3864 sup.
221 3806 249 3845 v.
263 3793 366 3849 5-24.
389 3788 547 3866 Paupertas
568 3786 685 3858 laboris,
706 3784 845 3845 castitatis
859 3784 1041 3867 aliarumque
1054 3788 1197 3848 virtutum
1211 3806 1273 3846 ma·

138 3897 193 3959 ter,
206 3886 342 3964 magistra
357 3897 387 3946 et
400 3898 505 3947 custos.
516 3885 542 3930 ⁷⁹
616 3884 747 3963 contingi,
761 3885 960 3954 contaminari,
973 3886 1075 3964 pollui.
1115 3892 1186 3955 289.
1204 3884 1274 3943 Tec-

132 3998 164 4047 tu
172 4008 278 4069 proruo,
294 4009 369 4049 casae
382 3988 508 4049 humiles
522 3989 658 4067 sedesque
671 3987 814 4057 lateritiae,
826 3986 857 4046 lu
868 4007 894 4047 e.
906 3986 1039 4049 homines
1051 3988 1084 4047 in
1097 3986 1273 4047 iishabitau·

134 4104 189 4167 tos,
203 4092 343 4153 laboriosi
357 4103 387 4151 et
400 4092 536 4171 frugales.
618 4090 724 4160 vellere,
738 4091 814 4161 lana,
834 4091 864 4151 h.
878 4112 904 4151 e.
918 4090 1053 4163 lanificio,
1072 4099 1187 4164 ossula,
1207 4092 1274 4153 fati-

160 4316 180 4344 ”
192 4314 269 4364 Conf.
286 4312 689 4377 nonc0u1‚ta,4ruq.111,
723 4314 811 4376 intpp.)
830 4314 902 4365 Ouid.
915 4314 986 4363 nem.
998 4315 1056 4365 Aur.
1069 4332 1091 4364 v.
1109 4317 1276 4365 lsi-lom

131 4386 154 4439 2,
168 4386 180 4427 1
194 4396 245 4443 seq.
262 4392 289 4427 et
304 4386 330 4439 6,
349 4385 451 4429 rt-ss.
469 4380 510 4445 (ad
528 4396 582 4444 quac
599 4382 650 4428 loca
667 4396 689 4426 v.
725 4384 771 4431 7⁴5
783 4396 830 4443 scq.

416 4474 430 4515 2
