3100 5250
316 372 382 443 814
689 366 1082 443 COMMENTARIUS

314 548 476 611 intercessit
494 548 659 609 discrimen.
741 570 843 609 carras
862 550 1059 630 triumphalia,
1080 552 1112 609 in
1131 570 1191 629 quo
1210 550 1344 630 ediquem
1364 555 1456 633 majo·

312 672 381 713 rum
401 670 519 711 suorum
541 650 736 729 triumphasse
755 664 890 713 munuc
931 652 1023 713 Multi
1042 663 1141 713 autem
1154 652 1268 712 AEmilii
1288 652 1454 735 triumpha·

313 764 391 823 nunt,
412 764 442 811 et
462 750 649 830 triumphalia
670 751 787 831 aliaque
805 754 953 833 majorum
972 755 1099 832 insignia
1110 775 1129 814 a
1140 753 1261 813 familiia
1280 764 1312 813 et
1327 758 1451 833 posteris
1523 736 1525 739 ‚

310 871 412 915 eorum
432 852 664 913 adservabantur
683 862 714 911 et
734 852 855 930 quidem
875 852 906 910 in
926 854 1089 931 porticibus
1108 854 1157 913 vel
1175 853 1348 913 mit-tte
1363 856 1447 915 atriis
1523 912 1525 916 .

310 955 424 1013 domus.
468 950 534 1011 126.
557 950 758 1031 Qaadmjuger,
772 952 842 1031 equi
859 963 986 1030 quatuor
1003 953 1104 1012 currui
1118 953 1218 1033 juncti
1237 964 1270 1012 et
1288 956 1445 1015 noumodo

309 1056 378 1125 uu,
403 1054 455 1113 seu
476 1066 507 1115 a
529 1054 589 1126 aas,
613 1054 728 1113 enmsae
747 1054 969 1133 magnitudinis,
990 1056 1037 1114 vn
1051 1056 1110 1117 aue
1125 1056 1273 1135 mna
1285 1076 1380 1126 aare
1400 1058 1445 1117 vu
1523 1039 1525 1044 ’

308 1154 437 1233 denique
458 1154 489 1212 in
510 1151 635 1213 sublime
655 1166 808 1233 surgentes
828 1154 960 1233 adeoque
979 1155 1101 1215 feroces.
1144 1163 1211 1221 127.
1231 1155 1292 1235 ipse
1312 1157 1445 1217 nmilia
1523 1140 1525 1150 Ι

275 1274 281 1285 ’
307 1258 358 1333 (ut
376 1254 426 1314 ulii
447 1253 585 1327 causidici
605 1275 651 1333 ap.
667 1254 795 1313 Martial.
809 1254 867 1325 tx,
881 1252 932 1327 69,
945 1253 990 1332 6.)
999 1254 1098 1333 semei
1117 1254 1250 1314 balloten
1270 1256 1305 1313 in
1315 1276 1396 1334 equo
1407 1278 1446 1315 ee·
1523 1249 1524 1252 ¹

306 1360 383 1430 deus,
404 1366 500 1419 statuae
513 1358 577 1438 ejus
589 1357 740 1436 equestris.
782 1358 828 1416 Cf.
843 1358 938 1437 intpp.
953 1357 1042 1416 Mart.
1057 1357 1114 1427 IX,
1126 1355 1177 1427 69,
1191 1355 1220 1417 6.
1262 1357 1343 1418 Haec
1362 1362 1445 1419 verba

306 1458 345 1516 ad
365 1454 530 1517 ovationem
549 1455 624 1521 forte
645 1464 788 1533 spectant,
808 1454 933 1514 aiterum
953 1453 1096 1533 triumphi
1114 1474 1221 1533 genus,
1241 1467 1324 1518 certe
1336 1476 1397 1515 nou
1409 1456 1444 1515 ad
1523 1483 1524 1490 ¹

299 1572 430 1621 'statuum
444 1557 657 1638 quadrigatam,
672 1578 739 1637 quae
752 1568 797 1617 eet
809 1558 906 1636 figura
925 1556 1061 1627 hominia,
1081 1556 1114 1615 in
1126 1577 1226 1632 crura,
1239 1578 1300 1617 nou
1312 1559 1443 1638 ineque,

304 1661 464 1721 sedentis·
492 1668 558 1726 127.
582 1668 649 1721 128.
671 1660 784 1739 Imago,
808 1661 923 1739 opinor,
950 1680 1060 1740 pugnae
1084 1661 1207 1721 forensis
1225 1663 1325 1721 animo
1349 1674 1444 1740 poeta

303 1760 392 1820 simul
405 1763 623 1823 obversabatur.
664 1761 750 1841 Apud
764 1761 906 1821 Romam
918 1760 1072 1839 antiquitas
1084 1769 1185 1819 statue
1194 1760 1327 1837 mejam
1340 1770 1443 1841 togata

302 1857 393 1937 effigie
417 1857 520 1936 (etiam
542 1857 701 1939 paludatus,
719 1857 924 1937 chlamydem,
947 1857 1083 1930 loricatae,
1104 1857 1214 1937 velate)
1233 1857 1443 1938 panetarium
1523 1868 1525 1875 '

302 1960 400 2021 deiude
418 1962 500 2021 etiam
520 1962 629 2021 ductum
650 1966 795 2021 tenentem
830 1963 913 2041 (quae
932 1961 1065 2021 Achillem
1085 1962 1272 2041 uocabantur)
1295 1972 1443 2041 equestres

301 2080 408 2141 quoque
419 2068 520 2121 statuo·
531 2060 674 2121 celebrate
686 2070 773 2128 runt;
791 2070 889 2141 postea
903 2082 968 2121 uero
981 2061 1012 2119 ia
1025 2040 1098 2141 bigis
1109 2070 1135 2120 et
1148 2061 1303 2141 quadrigis,
1316 2061 1442 2141 (bigatas

300 2171 332 2221 et
355 2160 551 2241 quadrigatas)
577 2160 650 2219 um
669 2168 695 2221 ιι
715 2159 896 2239 triumphato
915 2168 1000 2233 nam,
1020 2172 1076 2221 ατ.
1090 2160 1166 2219 Ptin.
1181 2160 1330 2232 xxxw,
1352 2168 1443 2227 5-7.

301 2258 401 2321 dnatdc
420 2268 573 2333 carnutum,
593 2280 653 2339 quo
672 2259 867 2321 tremebunda
885 2258 1078 2321 adumbratur
1096 2260 1187 2319 basta
1239 2259 1318 2318 Tam
1337 2260 1444 2319 affabre

299 2376 395 2425 suma
408 2365 502 2424 efficta
515 2375 569 2433 est,
589 2374 625 2423 ut
636 2362 750 2435 hutite,
765 2363 847 2442 quod
861 2362 993 2437 minatur,
1012 2364 1146 2433 inuam,
1167 2363 1306 2423 videatur
1318 2377 1443 2424 tram

291 2466 430 2543 ¹adeoque
443 2466 557 2525 carnari
570 2476 601 2525 et
613 2486 684 2525 mox
693 2466 868 2547 jactandum
879 2488 889 2537 ;
911 2466 987 2527 neh.
1000 2466 1133 2537 minatur,
1154 2467 1303 2527 intentare
1317 2466 1442 2527 videtur.

299 2572 367 2623 128.
381 2564 529 2623 meditatur
537 2564 650 2644 proelio,
664 2577 699 2627 ut
713 2566 767 2641 IV,
785 2574 851 2626 112.
885 2567 991 2628 Verbis
1004 2575 1099 2627 statua
1113 2568 1192 2627 lasea
1206 2567 1331 2647 quidam
1345 2567 1441 2647 desig·

296 2669 361 2728 neri
374 2680 480 2749 putant
492 2681 610 2749 gestum
620 2670 800 2750 jaculatoris,
815 2671 938 2731 alterum
954 2671 1075 2731 oculum
1089 2671 1263 2741 claudentis,
1285 2683 1322 2732 ut
1335 2674 1443 2732 certius

295 2771 388 2830 ictum
408 2771 536 2850 dirigat,
557 2771 607 2830 alii
626 2783 717 2851 caput
736 2783 840 2832 nnuc
859 2771 1042 2843 inclinatum,
1063 2772 1112 2832 vel
1123 2771 1330 2851 obliquum'ac
1343 2774 1440 2834 dator·

295 2888 371 2944 tum,
384 2875 426 2936 ita
439 2887 475 2936 ut
488 2894 566 2936 unua
578 2886 694 2935 tantum
708 2875 813 2936 oculus
826 2875 1043 2954 conspiciatur;
1064 2875 1114 2934 alii
1127 2896 1199 2934 vero
1212 2887 1336 2937 statuam
1349 2877 1441 2936 dimi·
1503 2945 1509 2954 ‚

294 2973 375 3035 disto
394 2975 480 3036 vultu
499 2975 630 3054 pictam
653 2974 708 3052 (ita
722 2973 830 3052 Scalig.
843 2974 881 3033 ad
896 2974 1001 3035 Manil.
1012 2994 1043 3053 p.
1053 2995 1093 3033 m.
1112 2982 1180 3034 134.
1201 2975 1251 3054 qui
1270 2975 1356 3034 talem
1369 2995 1441 3036 esse

287 3073 367 3134 *dicit
386 3075 466 3134 illam
488 3072 637 3152 Sagittarii
658 3073 689 3130 in
709 3071 819 3151 palatio
839 3073 974 3155 Fames)
995 3073 1045 3132 alii
1062 3073 1194 3154 denique
1207 3073 1357 3134 AEmilium
1371 3076 1441 3135 sive

293 3178 472 3238 causidicum
487 3176 657 3246 umectum,
672 3175 774 3235 saltem
787 3176 914 3236 luscum.
945 3176 1006 3238 sed
1018 3189 1148 3238 veterem
1162 3177 1327 3257 Sobel-,qui
1339 3180 1440 3238 inter-

292 3292 435 3358 pretatur,
464 3283 546 3360 cajua
572 3280 668 3340 oculus
693 3279 829 3342 introrsum
853 3281 935 3351 cedit,
964 3282 1122 3362 (holdagig,
1146 3282 1326 3362 bdodsicdtig)
1353 3293 1440 3342 recte

291 3391 421 3440 mentem
443 3393 538 3459 poetae
561 3382 672 3461 cepisse
696 3393 727 3440 et
748 3381 828 3442 talea
844 3403 907 3442 esse
928 3382 1030 3442 oculos
1051 3383 1084 3441 in
1106 3383 1236 3462 antiquis
1257 3384 1382 3454 statuis,
1400 3386 1440 3444 ob

290 3483 409 3562 planam
423 3485 575 3562 pupulam,
594 3484 657 3562 jam
671 3483 773 3545 docuit
786 3485 921 3564 Lessing.
933 3485 965 3546 in
979 3485 1089 3545 Berlin.
1104 3485 1334 3547 Monatsscbrist
1348 3495 1439 3554 1788.

290 3585 360 3646 Jun.
381 3604 412 3663 p.
427 3583 496 3644 601.

333 3697 391 3758 129
413 3709 472 3768 seq.
508 3689 656 3762 Quoniam
680 3690 787 3750 divites
807 3691 923 3752 tantum
946 3702 978 3751 et
1000 3691 1116 3752 nobiles
1135 3692 1255 3770 patroni
1278 3711 1440 3751 caumrum

288 3791 367 3852 docti
388 3791 534 3852 habentur
556 3809 593 3852 ex
620 3792 758 3871 opinione
783 3793 865 3872 vulgi
888 3807 919 3854 et
945 3794 1000 3855 soli
1026 3795 1157 3874 premia,
1185 3807 1269 3854 certe
1296 3793 1442 3860 maxims,

279 3885 428 3970 ‘capiunt3
448 3877 525 3952 hinc'
539 3892 626 3962 Pedo,
647 3892 750 3950 Matho
769 3903 800 3951 et
824 3891 980 3970 Tongillns,
1001 3913 1147 3971 pauperes
1168 3891 1324 3962 causidici,
1346 3905 1384 3950 ut
1406 3911 1441 3949 se

285 3992 377 4071 plebi,
391 3993 543 4052 hominum
557 3991 676 4072 ingenia
689 3990 772 4053 cultu
786 4002 817 4050 et
828 3991 1045 4070 magnificentia
1058 3991 1201 4061 metienti,
1212 3991 1442 4060 commendent,

285 4092 423 4153 simulant
444 4115 475 4152 se
495 4094 601 4153 divites
622 4113 684 4152 esse
703 4112 738 4152 ac
752 4091 874 4161 nobiles,
892 4103 923 4150 et
935 4091 986 4161 sie,
1000 4091 1056 4150 hae
1070 4090 1231 4150 imitatione
1245 4090 1390 4149 ditiorum
1406 4103 1446 4150 et

283 4215 375 4272 opum
395 4179 610 4276 nobilitatisque
632 4197 833 4266 ostentatione,
854 4193 1028 4265 conturbant,
1059 4197 1226 4254 obruuntur
1247 4213 1309 4251 sere
1327 4191 1447 4254 alieno.

284 4295 362 4354 Pedo
377 4297 542 4356 causidicus
556 4299 695 4374 ignotus;
720 4296 817 4354 notior
829 4296 909 4354 Pedo
923 4295 1081 4375 Pompeius
1095 4296 1141 4355 vir
1154 4292 1279 4353 illustris
1291 4313 1312 4351 e
1328 4294 1447 4354 Seuer.

282 4393 427 4474 apocoloc
442 4409 472 4454 et
485 4395 652 4455 notissimus
674 4395 754 4455 Pedo
768 4392 973 4458 Albinovanus
993 4407 1087 4476 poeta„
1181 4393 1230 4452 De
1244 4392 1398 4455 Mothone
1413 4415 1448 4455 v.
