3100 5250
395 449 446 513 IN
469 448 631 514 JUVEN.
659 448 757 513 SAT.
782 448 883 512 XIII.
1141 453 1206 513 519

81 659 139 717 pum
160 640 278 699 labem
296 663 318 700 s.
341 642 454 704 officina
472 663 490 701 a
510 643 603 721 poetis
623 641 781 702 collocatur
795 641 826 700 in
846 641 881 700 iia
894 640 974 712 locis,
996 661 1063 719 quae
1085 644 1208 722 ignibua

80 739 258 799 subterraneis
271 740 384 810 ardent,
398 741 546 820 praecipue
559 743 590 800 in
606 742 704 811 AEtna,
720 742 842 810 Lemno,
857 738 960 799 inaulis
974 738 1078 800 AEoliis
1094 763 1117 801 a.
1127 742 1201 800 Vul-

79 835 153 895 auiis
165 838 244 897 cirea
257 838 384 899 Siciliam
398 860 556 919 earumque
569 840 753 918 potissimum
773 839 908 908 maxima,
923 838 1043 919 Liparo.
1057 840 1080 879 ¹²
1194 872 1197 879 ·

110 932 152 992 46.
172 934 339 995 Praadebot
363 938 478 1017 quisque
497 938 579 999 Deua
595 937 658 1007 aibt',
679 935 826 1015 privatim.
849 934 927 995 solua
937 957 947 1007 ς
968 924 1100 997 nondum
1121 940 1199 999 enim

78 1035 202 1095 luxuriosi
217 1050 310 1099 erant.
321 1039 344 1077 ¹³
356 1020 451 1098 -45
466 1058 526 1117 seq.
542 1040 679 1108 Πολοθεΐοο,
694 1058 712 1097 a
725 1037 818 1116 poetis
832 1036 933 1108 efficta,
946 1035 1043 1116 lepide
1054 1038 1199 1099 irridetur·

77 1135 151 1194 conr.
164 1135 239 1194 Plin.
255 1137 298 1209 11,
314 1148 341 1205 7.
355 1148 386 1198 et
399 1138 459 1197 eie.
480 1138 518 1196 de
540 1138 608 1197 Nat.
621 1136 711 1196 Deor.
734 1136 851 1215 passim.
865 1170 907 1184 --
919 1143 968 1195 48.
982 1137 1065 1195 Conf.
1081 1138 1199 1199 Werne·

76 1238 139 1295 dors.
152 1238 232 1299 Poet.
248 1242 319 1300 min.
334 1242 371 1302 Τ.
387 1242 446 1301 111.
460 1264 490 1321 p.
506 1241 554 1303 56.
634 1242 773 1312 mieerum,
787 1243 872 1311 bene,
887 1242 926 1302 ob
939 1242 1112 1319 gravitatem
1124 1260 1199 1322 pon·

75 1336 147 1396 deris.
187 1346 239 1409 49.
254 1347 303 1399 50.
323 1340 464 1400 Nondum
479 1340 584 1419 aliquia
597 1352 683 1418 poeta
695 1350 877 1399 oommentua
891 1353 962 1410 erat,
984 1340 1101 1400 Saturni
1115 1341 1199 1411 filios,

74 1439 175 1512 Jorem,
204 1442 381 1523 Neptunum
408 1455 438 1503 et
466 1443 622 1503 Plutonem
645 1443 683 1501 de
709 1442 814 1502 mundi
841 1442 965 1522 imperio
993 1443 1102 1503 mutuor
1128 1465 1198 1505 esee.

74 1544 212 1623 Imperium
223 1548 369 1627 proj'unAE,
384 1550 481 1620 marie,
503 1550 577 1627 (non
590 1548 765 1629 inferorum)
789 1549 876 1618 triste,
896 1550 934 1608 ob
952 1559 1147 1628 tempestates,
1168 1550 1199 1607 in

71 1648 131 1705 muri
144 1650 307 1723 saevientes,
322 1672 389 1730 quae
403 1661 447 1712 tot
460 1650 656 1719 calamitatum
671 1670 765 1711 oausae
775 1661 852 1710 eunt.
929 1640 1048 1723 Pluton,
1066 1654 1197 1721 Πλούτων,

70 1759 159 1821 torum,
180 1774 286 1823 aaevua,
308 1753 409 1825 durus,
429 1752 625 1823 inexorabilia,
645 1752 728 1821 'atum
743 1754 884 1833 ἀμοίλοχος
898 1752 937 1821 ἠδ’
953 1754 1113 1826 ἀδάμαστος·
1135 1753 1198 1813 'rob-

70 1873 117 1909 nuo
142 1858 191 1911 aul
217 1878 245 1914 rr
270 1854 375 1937 βςοοοῖοο
402 1855 465 1914 θοῶν
493 1854 608 1935 ἔχθιστος
631 1856 758 1925 ἁπάντων,
787 1856 874 1913 Hom.
900 1853 936 1913 Il.
963 1856 1018 1928 IX,
1043 1864 1107 1916 158.
1131 1866 1198 1927 159.

69 1976 118 2012 cun
137 1959 257 2037 eonjuge
277 1958 384 2027 Siculo,
409 1958 592 2035 Proserpina,
617 1957 648 2014 in
669 1956 767 2014 Sicilia
787 1968 855 2015 nata
878 1968 908 2015 et
931 1962 1052 2035 rapta'a
1073 1960 1199 2021 Plutone

67 2054 138 2129 juxta
152 2056 306 2125 Hennm,
320 2056 399 2116 unde
412 2052 587 2114 et'Hennteo
602 2052 718 2111 dieitur.
759 2052 807 2111 De
821 2054 994 2131 Proserpina
1006 2076 1034 2113 v.
1047 2046 1198 2119 Greuzer'e

69 2154 217 2231 symbolik
232 2156 268 2214 Τ.
284 2154 336 2211 IV.
350 2174 381 2232 p.
397 2161 456 2213 344
470 2174 530 2232 aeq.
544 2188 585 2201 —
600 2160 647 2212 51.
663 2160 711 2212 52.
725 2153 810 2211 Conf-
825 2152 864 2211 ad
881 2152 924 2221 II,
941 2162 998 2223 149
1012 2176 1072 2233 seq.
1117 2158 1199 2217 Non.

68 2256 125 2315 lum
143 2256 353 2336 aliquiapoeta
371 2254 503 2315 fabulose
523 2254 615 2313 multa
636 2253 795 2313 tradiderat
816 2252 853 2311 de
873 2252 973 2313 Inferis
993 2267 1023 2314 et
1038 2257 1134 2334 paenis
1157 2259 1198 2317 ibi

68 2358 184 2427 luendis,
202 2379 228 2416 v.
244 2379 268 2418 o.
282 2358 320 2416 de
333 2366 395 2417 roto
410 2358 530 2427 Ixionis,
551 2358 589 2417 de
603 2354 710 2424 Furiis,
731 2355 769 2413 de
782 2374 851 2414 roeo
865 2354 983 2433 Sisyphi
997 2368 1027 2416 et
1041 2358 1079 2417 de
1093 2358 1200 2417 nullm

68 2469 127 2533 otro,
144 2461 234 2539 jecur
254 2458 336 2539 Tityi
358 2472 388 2519 et
408 2440 574 2519 Promethei
594 2459 788 2537 depascente;
809 2476 905 2534 neque
924 2457 1011 2516 etiam
1031 2458 1068 2517 de
1085 2460 1201 2538 regibna'

67 2558 266 2636 judicibusque
300 2556 429 2636 offerris,
464 2558 502 2616 de
537 2557 670 2626 Plutone,
698 2554 810 2625 Minoe,
837 2553 936 2627 AEueo,
965 2554 1196 2630 Rhadamantho,

68 2657 260 2737 Triptolemo:
281 2679 350 2718 nam
369 2659 416 2718 hia
431 2637 497 2719 ¹non
516 2680 591 2738 opua
610 2669 681 2726 erat,
702 2678 795 2737 quum
816 2657 923 2717 scelera
943 2679 980 2716 ne
994 2657 1061 2720 nota
1076 2661 1196 2740 quidem

68 2773 163 2832 eaaent,
175 2763 287 2822 nedum
300 2763 534 2834 admitterentur,
555 2782 652 2841 neque
665 2761 734 2821 talia
747 2763 779 2820 in
791 2769 920 2822 mentem
934 2765 1089 2825 veniebant
1102 2765 1195 2825 homi-

68 2859 154 2929 nibus,
168 2881 297 2938 quorum
310 2873 340 2920 et
354 2861 413 2920 vita
426 2874 456 2921 et
469 2860 573 2939 religio
588 2859 800 2938 simplicissima
814 2858 895 2919 erat‘
1186 2870 1188 2878 '

101 2969 144 3020 58.
165 2963 347 3042 Imprubituu,
368 2963 536 3043 exemplum
557 2962 762 3041 improbitatis,
784 2961 832 3021 illo
850 2983 916 3032 ωηο,
938 2963 1017 3040 quod
1038 2975 1132 3041 poetae
1145 2987 1197 3026 au-

70 3081 140 3121 reum
158 3062 300 3122 dixerunt
320 3063 470 3132 saeculum,
492 3061 674 3131 admirabilis,
696 3059 841 3120 inusitata
854 3074 884 3121 et
907 3062 1047 3131 inaudita,
1068 3062 1142 3140 ficit,
1164 3075 1198 3124 ut

70 3177 135 3219 nunc
154 3160 297 3238 probitas,
315 3160 354 3220 de
374 3180 433 3239 quo
454 3179 480 3217 v.
494 3177 563 3218 mox
579 3177 608 3216 v.
623 3155 660 3217 61
677 3177 737 3238 aeq.
751 3195 791 3206 -
806 3165 844 3216 55
860 3179 921 3238 seq.
936 3159 984 3217 De
997 3159 1197 3239 antiquissima

71 3258 115 3319 hae
131 3259 254 3321 honoria
274 3261 475 3320 testifioatione
495 3271 526 3320 et
545 3259 731 3318 veneratione
749 3260 895 3338 majorum
909 3271 979 3319 natu
994 3281 1021 3318 v.
1038 3261 1146 3341 Heyne
1159 3264 1195 3321 ad

72 3359 139 3441 Virg.
152 3363 222 3423 Ecl.
236 3363 291 3434 VI,
306 3362 353 3425 66.
375 3363 486 3441 Xoenig
499 3363 537 3420 ad
551 3360 703 3420 Claudian.
718 3360 805 3429 XXI,
817 3367 864 3419 48.
877 3361 1026 3438 (Cedentes
1038 3363 1137 3443 spoliis
1150 3359 1196 3422 ηο-

70 3475 255 3547 surgentesque
274 3463 400 3544 uidebor)
422 3465 522 3543 Intpp.
545 3451 622 3523 'Gelu
644 3463 687 3534 11,
706 3470 751 3521 15.
766 3471 797 3520 et
809 3461 885 3540 inpr.
901 3462 998 3522 Klotz.
1013 3465 1051 3524 ad
1066 3467 1151 3545 Tyrt.
1167 3489 1196 3547 p.

74 3573 127 3635 189.
138 3604 183 3616 -
196 3567 244 3627 56.
259 3567 396 3636 Borboto,
417 3585 477 3625 non
492 3565 555 3624 viro
574 3576 700 3634 tantum,
722 3563 875 3622 sedetiam
894 3563 1008 3644 juveni,
1034 3567 1082 3627 cui
1100 3569 1196 3648 primo

72 3667 158 3749 lanugo
172 3681 244 3730 erat.
286 3669 369 3728 Conf-
384 3689 411 3726 v.
425 3675 473 3736 59.
555 3665 616 3726 licet
630 3666 689 3745 ipae
702 3685 777 3744 puer
790 3663 893 3725 videret
909 3668 996 3746 plura
1016 3671 1089 3728 domi
1099 3670 1197 3750 sroga

72 3781 123 3839 eet,
141 3770 173 3828 lu
188 3791 213 3828 e.
228 3769 361 3849 quamvis
375 3769 463 3828 ditior
477 3779 559 3828 esset.
602 3767 702 3846 Froga
716 3777 813 3826 autem
828 3779 858 3826 et
868 3767 987 3848 glandes
999 3771 1089 3849 primi
1103 3773 1196 3831 homi·

71 3885 131 3926 num
148 3867 209 3928 cibi
229 3881 312 3928 erant
331 3867 458 3945 solaeque
471 3865 590 3924 divitiae.
632 3865 716 3924 Conf.
729 3864 786 3933 VI,
804 3871 848 3926 10Ι
871 3866 945 3925 Plin.
968 3869 1052 3937 XVI,
1074 3877 1103 3928 8.
1124 3881 1154 3929 et
1169 3876 1197 3932 5.

74 3964 180 4036 XVIII,
195 3974 223 4033 7.
237 3977 267 4026 et
281 3974 308 4026 8.
324 3965 410 4034 XXI,
427 3972 473 4049 15.

106 4075 147 4127 58.
163 4075 213 4136 59.
227 4066 372 4127 Dodwell.
387 4065 419 4123 in
432 4063 540 4124 annul.
551 4064 675 4137 Quintil.
689 4085 720 4143 p.
735 4071 783 4134 79.
798 4075 828 4124 et
845 4065 910 4124 186.
933 4077 952 4101 “
968 4067 1077 4136 Prima,
1091 4069 1195 4147 inquit,

98 4257 141 4306 '’r.
160 4259 250 4322 Heyue
266 4259 297 4308 ad
314 4260 383 4325 Virg.
396 4262 455 4310 AEn.
470 4256 550 4311 vm.
563 4262 612 4306 ⁴16
643 4258 650 4265 '
676 4256 696 4288 ¹⁸
706 4257 962 4320 Henniniuaputabat.
978 4261 1085 4309 Deorum
1100 4263 1197 4312 delicias

129 4326 255 4386 Spanbem.
269 4325 300 4375 ad
318 4327 413 4376 Gallim.
436 4325 472 4372 Η.
491 4323 517 4371 in
535 4322 609 4370 Dian.
644 4323 745 4383 scoptiee
756 4323 878 4388 mugituri,
890 4327 956 4388 quasi
967 4326 1008 4392 qui
1022 4326 1058 4374 bia
1068 4326 1099 4376 de
1109 4328 1149 4377 dle
1159 4345 1196 4378 aa·

73 4401 91 4432 r·
101 4395 135 4436 41.
153 4401 179 4438 et
198 4387 309 4451 Koeppen
325 4389 356 4439 ad
373 4391 451 4439 IIom.
472 4388 505 4437 Il.
518 4409 541 4445 ι,
554 4392 610 4438 594.
644 4397 788 4446 tutarentur,
799 4389 864 4451 quod
877 4389 947 4438 Plato
957 4389 981 4437 in
998 4389 1073 4452 Epist.
1091 4392 1121 4441 ad
1137 4393 1197 4440 Dio·

77 4451 106 4499 CI.
117 4469 167 4516 sup.
180 4453 211 4503 ad
226 4455 246 4512 l,
258 4461 282 4528 8ἑ
294 4466 318 4502 et
330 4455 362 4513 X,
379 4461 432 4504 158.
645 4466 700 4514 gen·
710 4463 735 4501 et
747 4452 798 4502 eie.
810 4455 883 4502 Tuae.
899 4455 948 4511 Qu.
964 4455 995 4504 V.
1008 4457 1034 4503 in
1046 4457 1116 4506 Italia
1129 4459 1198 4506 Siou-
1315 4519 1319 4526 ⁵
1424 4492 1431 4505 .

590 4536 671 4584 Ktu
