3100 5250
314 458 375 517 142
683 439 1076 522 commuuimus

308 633 379 693 serie
404 629 566 690 irrisionem
593 607 737 709 fingitur,
751 641 787 691 ut
810 631 931 710 reliqna,
956 650 1023 710 quae
1053 641 1217 690 narrantur.
1258 627 1304 688 Cf.
1321 628 1458 692 Martial.

310 735 401 805 XIII,
417 740 464 793 81.
507 739 556 798 78.
577 741 711 793 ooeantur
732 733 762 790 in
784 733 936 804 connium,
960 745 994 794 ut
1010 734 1048 794 de
1066 733 1192 793 rhombo
1206 743 1237 792 et
1249 732 1360 811 petina,
1374 743 1457 792 tam-

310 858 399 917 quam
413 836 451 896 de
464 835 591 915 publicis
603 835 698 914 iisque
710 835 889 914 grevissimie
903 837 1000 907 rebus,
1023 835 1195 897 sententiam
1219 834 1329 906 dicant,
1350 855 1456 914 proee-

309 961 364 1011 rer,
378 941 488 1010 Patres,
501 939 697 1018 amplissimus
709 937 791 1010 ordo,
804 937 960 1016 (condiium
974 947 1122 1020 augrimum
1135 939 1186 998 Sil.
1202 939 1226 1007 I,
1242 937 1312 1008 609.
1332 945 1452 996 emotus

310 1043 391 1102 Rom.
405 1051 543 1122 tamquam
557 1061 653 1122 regum
665 1061 808 1101 oonoeaeur
821 1041 887 1100 Liv.
903 1041 959 1112 IX,
975 1045 1037 1121 17.)
1050 1053 1081 1103 et
1094 1063 1161 1122 quoa
1173 1041 1269 1100 odunt
1283 1041 1339 1100 Ille
1352 1039 1452 1100 Dom-

308 1143 425 1214 itianus,
439 1161 522 1201 more
534 1153 735 1220 tyrannorum.
777 1141 822 1200 Cf.
838 1141 906 1201 Ver.
915 1141 996 1201 Lect.
1050 1149 1097 1208 74.
1113 1149 1162 1209 75.
1174 1142 1263 1200 Recte
1277 1141 1451 1219 depingun-

308 1252 359 1302 tur
371 1259 468 1301 eureae
487 1240 546 1300 ille
566 1240 722 1320 compedes
741 1241 913 1311 aulicorum,
936 1241 997 1302 rita
1018 1240 1113 1302 aulica
1131 1253 1162 1300 et
1187 1241 1314 1302 amicitia
1341 1239 1450 1322 regum

308 1365 416 1425 magna
429 1342 559 1424 quidem,
573 1343 626 1403 sed
644 1344 751 1404 misere
770 1357 802 1405 et
821 1343 944 1425 periculi
963 1345 1072 1424 plene:
1091 1345 1172 1405 unde
1194 1365 1253 1404 non
1278 1345 1406 1406 absurde
1433 1367 1452 1404 a

309 1444 449 1526 quopiam
461 1442 584 1512 dictum,
598 1441 680 1501 molle
691 1463 721 1504 re
732 1443 763 1502 in
777 1443 869 1514 ecula,
884 1465 967 1524 quom
981 1445 1012 1504 in
1025 1445 1092 1506 aula
1106 1446 1215 1512 civem
1225 1444 1301 1505 Ach.
1375 1445 1450 1524 pnl-

308 1529 497 1614 lorurrricitioe,
507 1553 613 1612 metue,
632 1561 721 1622 quem
732 1543 803 1622 ipsis
817 1542 977 1603 incutiebat
989 1543 1113 1604 omidtio
1123 1563 1235 1628 niagno,
1246 1544 1450 1622 Imperatoris,

309 1645 361 1726 (ef.
376 1646 404 1716 1,
418 1647 482 1724 88.)
497 1656 527 1704 et
539 1643 651 1715 renero,
664 1663 733 1704 cum
745 1643 863 1703 miserie
874 1641 1071 1722 perleulisque
1085 1641 1263 1721 quotidianis
1277 1641 1448 1720 conjuncto,

308 1762 402 1823 quum
414 1762 433 1801 e
443 1741 540 1824 magni
551 1740 635 1802 amici
647 1752 724 1801 nutu
737 1751 768 1800 et
781 1740 901 1801 arbitrio
914 1740 1047 1800 omnium
1061 1740 1139 1800 smus
1158 1738 1311 1818 penderet.
1354 1738 1448 1799 Hunc

306 1855 420 1904 metum
433 1861 493 1902 non
505 1860 616 1904 venum
628 1841 721 1902 fuisse
732 1851 815 1922 patet
829 1840 928 1900 velex
942 1839 1024 1901 Suet.
1038 1839 1150 1900 Domit.
1164 1859 1189 1899 c
1206 1847 1253 1898 11.
1295 1835 1397 1897 Pallor
1418 1837 1448 1896 in

307 1942 393 2022 secie
404 1941 525 2012 redebet,
539 1941 714 2020 conspicuus
727 1951 800 2011 erat,
815 1949 912 1999 metus
924 1939 989 2019 ipsu
1000 1940 1076 2001 facie
1088 1939 1276 2019 prodebatur.
1298 1939 1344 1997 Cf.
1357 1937 1447 1997 Ovid.

308 2043 380 2102 Met
395 2041 438 2114 11,
454 2041 668 2110 776·etTrirt
684 2041 789 2112 111,9‚
807 2047 853 2100 18.
873 2041 926 2100 ubi
946 2059 975 2100 v.
996 2039 1102 2099 Heius.
1143 2047 1190 2106 75.
1213 2037 1350 2108 Liburno,
1370 2057 1448 2117 prre-

307 2161 390 2213 oone,
404 2161 422 2201 e
436 2141 579 2202 Lrlmmie
591 2139 727 2212 oriundo,
747 2159 786 2199 ne
808 2139 939 2199 Romano
960 2138 1080 2217 quidem
1090 2161 1101 2209 ;
1122 2137 1170 2197 rel
1189 2157 1282 2206 servo,
1303 2136 1447 2216 preconis

307 2245 402 2306 vicem
415 2246 583 2307 sustinente.
626 2245 723 2305 Schol.
744 2255 803 2306 vet.
827 2245 878 2324 qui
902 2241 1126 2304 admissionibus
1147 2250 1279 2320 preerat.
1321 2240 1447 2300 Senatus

300 2349 382 2410 ‘edici
401 2361 432 2434 et
454 2351 608 2412 convocari
634 2349 747 2410 solebat
765 2349 814 2410 vel
833 2369 887 2428 per
906 2347 1045 2418 edictum,
1068 2345 1148 2425 (Lir.
1164 2343 1310 2417 xxxvl,
1326 2350 1354 2404 8.
1375 2343 1446 2406 Tac.

307 2452 387 2510 Aun.
401 2449 443 2519 II,
457 2452 522 2522 118.)
543 2449 591 2508 vel
611 2469 666 2527 per
685 2465 862 2528 preconem,
884 2445 1005 2507 ut·Lir.
1020 2444 1081 2517 111,
1095 2450 1144 2503 88.
1159 2442 1213 2516 IV,
1229 2449 1278 2516 32.
1319 2443 1449 2502 Liburno

307 2567 392 2606 servo
404 2547 631 2617 nomenclatore,
645 2544 698 2625 qui
712 2545 743 2603 in
758 2555 892 2604 senatum
908 2543 1008 2603 Patres
1029 2551 1161 2602 vocaret:
1184 2560 1253 2600 nam
1273 2559 1312 2600 ex
1337 2541 1446 2603 Libur-

306 2650 356 2709 nia
381 2650 458 2708 servi
480 2668 611 2728 procerte
635 2658 753 2708 stature
771 2648 974 2717 mittebantur,
995 2645 1189 2725 quiquidem
1209 2659 1306 2706 essent
1327 2664 1447 2727 quoque

306 2768 411 2811 sonora
431 2761 462 2811 et
486 2749 584 2810 valida
603 2770 676 2811 voce
695 2762 784 2831 atque
799 2751 838 2810 ed
852 2742 1023 2811 idoilicium
1038 2750 1120 2829 apti;
1153 2750 1228 2811 Ach-
1270 2751 1368 2811 ctrd
1383 2752 1447 2823 111,

306 2855 376 2908 240.
458 2847 582 2917 Currite,
594 2849 662 2926 jam
674 2848 754 2919 111111,
769 2850 860 2909 rerba
873 2848 1026 2928 preconis,
1047 2860 1078 2909 et
1098 2848 1219 2930 quidem
1238 2868 1339 2929 peuce,
1360 2870 1449 2910 more

306 2948 497 3010 clementium
508 2948 789 3029 trepidantiumque,
810 2950 863 3029 qui
885 2948 1028 3029 graphice
1051 2950 1252 3021 adumbratim,
1274 2960 1308 3011 ut
1325 2962 1356 3011 et
1368 2968 1448 3010 mox

181 3048 191 3071 ⁸
306 3052 453 3113 festinatio
480 3060 656 3124 mmmm,
684 3052 860 3123 verentium,
888 3074 925 3113 ne
952 3054 1087 3133 longiore
1116 3076 1199 3115 mors
1221 3055 1293 3115 iram
1321 3056 1448 3134 tymnni

306 3157 461 3217 concitent.
541 3156 612 3214 redit
642 3155 815 3235 Imperator,
839 3156 871 3217 iu
884 3156 1017 3232 [consilio
1043 3158 1082 3218 ‹le
1108 3157 1197 3239 piscis
1224 3158 1369 3239 coquendi
1397 3180 1448 3219 ra-

305 3253 384 3313 tione
410 3254 633 3316 deliberaturus
675 3252 722 3321 76.
747 3253 856 3328 Abolla,
880 3255 1004 3329 iacente,
1026 3276 1115 3337 quam
1143 3256 1283 3337 Pegasus,
1311 3259 1446 3338 deposita

305 3360 384 3429 toga,
420 3352 530 3412 Albam
568 3351 663 3412 iturus
699 3350 844 3423 induerat,
872 3352 920 3411 vel
953 3354 1076 3433 pellium
1103 3354 1267 3416 Stoicorum
1296 3366 1327 3417 et
1354 3356 1446 3435 Cyni-

305 3468 417 3521 corum,
444 3470 504 3529 quo
530 3450 635 3511 habitu
653 3452 729 3512 forte
750 3450 877 3522 incessit,
897 3452 967 3530 quie
980 3462 1011 3511 et
1023 3451 1138 3513 Stoicus
1153 3453 1217 3513 luit
1268 3453 1314 3515 cf.
1327 3453 1368 3513 ad
1382 3453 1444 3523 111,

307 3560 419 3613 115.ε1
439 3552 554 3613 Ferrar.
574 3553 714 3613 111111υά
736 3554 788 3634 qui
810 3564 889 3615 recte
911 3566 1022 3627 monet,
1043 3577 1061 3614 a
1082 3555 1223 3616 Sdmasio
1250 3567 1281 3616 et
1310 3556 1444 3617 Rubeuio

304 3674 459 3736 perperam
471 3653 572 3732 colligi
586 3674 623 3713 ex
636 3656 734 3715 Nonio
746 3676 778 3735 p.
794 3662 864 3727 588,
886 3656 1012 3717 ebossam
1036 3676 1152 3737 semper
1174 3659 1331 3719 militarem
1352 3659 1443 3719 fuisse

303 3770 425 3829 vestem,
438 3767 469 3817 et
481 3776 519 3816 ex
532 3756 561 3815 h.
576 3756 606 3826 1.,
620 3759 773 3836 prefectos
788 3759 874 3829 Urbi,
889 3780 949 3840 quo
968 3761 1078 3821 honore
1098 3762 1218 3823 iunctm
1239 3764 1278 3822 sit
1302 3762 1442 3840 Pegasus,

302 3856 335 3917 in
349 3858 441 3921 Urbe.
457 3854 657 3935 Ρωοίᾶειφιε
669 3856 701 3916 in
713 3856 883 3937 provinciis,
904 3858 1008 3919 habitu
1023 3860 1142 3921 militari
1162 3880 1225 3922 esse
1238 3881 1314 3921 uros
1358 3860 1442 3921 Hen-

301 3954 401 4015 ninius
412 3954 488 4013 bene
500 3952 566 4013 haec
577 3956 707 4015 notavit:
750 3966 771 3993 “
781 3956 801 4016 J
803 3958 871 4016 Ctos
884 3957 973 4017 misse
986 3958 1049 4018 fere
1062 3959 1173 4020 Stoicos
1186 3980 1220 4018 ea
1233 3968 1328 4029 aetete,
1341 3959 1444 4019 docuit
1521 3946 1522 3958 ¹

254 4119 258 4125 ¹
302 4054 372 4113 Ger.
387 4054 488 4114 Noodt
502 4053 648 4113 Probabil.
665 4054 725 4125 111,
749 4060 775 4115 1.
818 4054 1013 4117 subtilissime
1027 4056 1118 4136 igitur
1131 4058 1209 4119 ridet
1234 4058 1343 4117 Noster
1366 4058 1444 4117 Stoi·

301 4152 455 4213 cissantem
470 4152 626 4232 Pegasum,
639 4154 691 4233 qui
704 4153 780 4212 nihil
792 4155 899 4226 minus,
914 4175 1002 4235 quam
1016 4154 1101 4227 liber,
1117 4169 1168 4217 aut
1181 4177 1242 4228 rex,
1258 4166 1291 4215 ut
1305 4177 1337 4215 se
1348 4158 1444 4235 jaeta-
1520 4158 1521 4171 ¹

301 4257 374 4315 bant
388 4256 487 4328 Stoici,
501 4258 674 4319 vocatnsad
687 4256 892 4318 Domitianum
912 4271 943 4319 et
965 4260 1084 4338 tyranni
1107 4261 1179 4319 irem
1203 4260 1324 4331 veritus,
1347 4280 1446 4338 quum
1519 4332 1520 4339 ἵ

300 4364 399 4411 temen
412 4364 541 4415 mentem
555 4356 682 4418 Stoicam
693 4374 749 4414 nec
762 4354 863 4415 vultus
883 4356 1017 4417 instantis
1039 4355 1158 4436 tyranni
1182 4367 1303 4436 quatere
1323 4357 1445 4427 debeat,

301 4456 443 4517 serviliter
452 4457 633 4536 properabat,
647 4470 677 4518 et
691 4457 812 4536 quidem
826 4460 874 4517 vix
888 4459 1084 4540 circumjecta,
1097 4480 1186 4539 quern
1201 4459 1447 4521 festinantissime
1518 4450 1520 4523 ,¹
