<?xml version="1.0" encoding="UTF-8"?>
<!DOCTYPE html PUBLIC "-//W3C//DTD XHTML 1.0 Transitional//EN"
    "http://www.w3.org/TR/xhtml1/DTD/xhtml1-transitional.dtd">
<html xmlns="http://www.w3.org/1999/xhtml" xml:lang="en" lang="en">
 <head>
  <title>
</title>
<meta http-equiv="Content-Type" content="text/html;charset=utf-8" />
  <meta name='ocr-system' content='tesseract 3.04.00' />
  <meta name='ocr-capabilities' content='ocr_page ocr_carea ocr_par ocr_line ocrx_word'/>
</head>
<body>
  <div class='ocr_page' id='page_1' title='image "./djuniijuvenalis02persgoog_0350.png"; bbox 0 0 3100 5250; ppageno 0'>
   <div class='ocr_carea' id='block_1_1' title="bbox 459 394 1262 476">
    <p class='ocr_par' dir='ltr' id='par_1_1' title="bbox 459 394 1262 476">
     <span class='ocr_line' id='line_1_1' title="bbox 459 394 1262 476; baseline 0.014 -10"><span class='ocrx_word' id='word_1_1' title='bbox 459 399 509 466; x_wconf 88' lang='lat' dir='ltr'><strong>IN</strong></span> <span class='ocrx_word' id='word_1_2' title='bbox 531 399 698 472; x_wconf 78' lang='lat' dir='ltr'><strong>Juqu.</strong></span> <span class='ocrx_word' id='word_1_3' title='bbox 721 402 820 476; x_wconf 75' lang='lat' dir='ltr'><strong>SAT.</strong></span> <span class='ocrx_word' id='word_1_4' title='bbox 844 394 923 472; x_wconf 87' lang='lat' dir='ltr'><strong>VII.</strong></span> <span class='ocrx_word' id='word_1_5' title='bbox 1194 411 1262 476; x_wconf 68' lang='grc'><strong>318</strong></span> 
     </span>
    </p>
   </div>
   <div class='ocr_carea' id='block_1_2' title="bbox 108 571 1316 3705">
    <p class='ocr_par' dir='ltr' id='par_1_2' title="bbox 108 571 1316 3496">
     <span class='ocr_line' id='line_1_2' title="bbox 111 571 1263 648; baseline 0.006 -14"><span class='ocrx_word' id='word_1_6' title='bbox 111 571 228 634; x_wconf 76' lang='lat' dir='ltr'><strong>‘Bulsoo</strong></span> <span class='ocrx_word' id='word_1_7' title='bbox 248 573 390 636; x_wconf 68' lang='lat' dir='ltr'><strong>mute</strong></span> <span class='ocrx_word' id='word_1_8' title='bbox 409 573 558 645; x_wconf 71' lang='lat' dir='ltr'><strong>sestertiis,</strong></span> <span class='ocrx_word' id='word_1_9' title='bbox 576 574 605 634; x_wconf 90' lang='lat' dir='ltr'><strong>h.</strong></span> <span class='ocrx_word' id='word_1_10' title='bbox 620 595 645 636; x_wconf 63' lang='lat' dir='ltr'><strong>et</strong></span> <span class='ocrx_word' id='word_1_11' title='bbox 666 577 865 642; x_wconf 67' lang='lat' dir='ltr'><strong>mutuorum</strong></span> <span class='ocrx_word' id='word_1_12' title='bbox 884 577 1027 648; x_wconf 74' lang='lat' dir='ltr'><strong>millibus,</strong></span> <span class='ocrx_word' id='word_1_13' title='bbox 1045 579 1106 640; x_wconf 69' lang='lat' dir='ltr'><strong>sut</strong></span> <span class='ocrx_word' id='word_1_14' title='bbox 1118 581 1263 644; x_wconf 66' lang='lat' dir='ltr'><strong>‘cosmam</strong></span> 
     </span>
     <span class='ocr_line' id='line_1_3' title="bbox 112 675 1262 756; baseline 0.004 -21"><span class='ocrx_word' id='word_1_15' title='bbox 112 675 156 735; x_wconf 81' lang='lat' dir='ltr'><strong>rel</strong></span> <span class='ocrx_word' id='word_1_16' title='bbox 182 688 390 738; x_wconf 79' lang='lat' dir='ltr'><strong>exstruuntur.</strong></span> <span class='ocrx_word' id='word_1_17' title='bbox 401 675 427 715; x_wconf 71' lang='lat'><strong>⁶⁹</strong></span> <span class='ocrx_word' id='word_1_18' title='bbox 438 711 481 726; x_wconf 85' lang='lat'>-</span> <span class='ocrx_word' id='word_1_19' title='bbox 496 683 555 744; x_wconf 87' lang='grc'><strong>178</strong></span> <span class='ocrx_word' id='word_1_20' title='bbox 568 697 627 756; x_wconf 85' lang='lat' dir='ltr'><strong>seq.</strong></span> <span class='ocrx_word' id='word_1_21' title='bbox 648 698 676 737; x_wconf 88' lang='lat' dir='ltr'><strong>v.</strong></span> <span class='ocrx_word' id='word_1_22' title='bbox 690 679 729 740; x_wconf 88' lang='lat' dir='ltr'><strong>ad</strong></span> <span class='ocrx_word' id='word_1_23' title='bbox 750 679 805 753; x_wconf 90' lang='lat' dir='ltr'><strong>1v,</strong></span> <span class='ocrx_word' id='word_1_24' title='bbox 825 687 853 740; x_wconf 79' lang='lat'><strong>5.</strong></span> <span class='ocrx_word' id='word_1_25' title='bbox 896 679 997 740; x_wconf 87' lang='lat' dir='ltr'><strong>Irrisiu</strong></span> <span class='ocrx_word' id='word_1_26' title='bbox 1018 679 1144 740; x_wconf 72' lang='lat' dir='ltr'><strong>luxurie</strong></span> <span class='ocrx_word' id='word_1_27' title='bbox 1167 682 1262 746; x_wconf 77' lang='lat' dir='ltr'><strong>faceta</strong></span> 
     </span>
     <span class='ocr_line' id='line_1_4' title="bbox 110 776 1261 861; baseline 0.007 -23"><span class='ocrx_word' id='word_1_28' title='bbox 110 780 189 838; x_wconf 86' lang='lat' dir='ltr'><strong>inest</strong></span> <span class='ocrx_word' id='word_1_29' title='bbox 202 778 237 838; x_wconf 85' lang='lat' dir='ltr'><strong>iu</strong></span> <span class='ocrx_word' id='word_1_30' title='bbox 250 799 282 838; x_wconf 81' lang='lat' dir='ltr'><strong>v.</strong></span> <span class='ocrx_word' id='word_1_31' title='bbox 301 785 466 848; x_wconf 81' lang='grc'><strong>179-181.</strong></span> <span class='ocrx_word' id='word_1_32' title='bbox 562 779 644 839; x_wconf 75' lang='lat' dir='ltr'><strong>Astur</strong></span> <span class='ocrx_word' id='word_1_33' title='bbox 656 801 783 842; x_wconf 69' lang='lat' dir='ltr'><strong>mesum</strong></span> <span class='ocrx_word' id='word_1_34' title='bbox 796 790 932 861; x_wconf 77' lang='lat' dir='ltr'><strong>aspectet</strong></span> <span class='ocrx_word' id='word_1_35' title='bbox 948 776 1084 853; x_wconf 68' lang='lat' dir='ltr'><strong>mmm,</strong></span> <span class='ocrx_word' id='word_1_36' title='bbox 1104 781 1187 844; x_wconf 83' lang='lat' dir='ltr'><strong>dives</strong></span> <span class='ocrx_word' id='word_1_37' title='bbox 1206 801 1261 846; x_wconf 91' lang='lat' dir='ltr'><strong>no·</strong></span> 
     </span>
     <span class='ocr_line' id='line_1_5' title="bbox 111 878 1261 964; baseline 0.007 -27"><span class='ocrx_word' id='word_1_38' title='bbox 111 878 245 958; x_wconf 86' lang='lat' dir='ltr'><strong>bilisque</strong></span> <span class='ocrx_word' id='word_1_39' title='bbox 270 879 425 948; x_wconf 78' lang='lat' dir='ltr'><strong>Romanus,</strong></span> <span class='ocrx_word' id='word_1_40' title='bbox 450 879 587 938; x_wconf 78' lang='lat' dir='ltr'><strong>censesne</strong></span> <span class='ocrx_word' id='word_1_41' title='bbox 611 879 638 940; x_wconf 86' lang='lat' dir='ltr'><strong>ei</strong></span> <span class='ocrx_word' id='word_1_42' title='bbox 661 879 868 942; x_wconf 76' lang='lat' dir='ltr'><strong>ambulationis</strong></span> <span class='ocrx_word' id='word_1_43' title='bbox 893 879 1123 961; x_wconf 74' lang='lat' dir='ltr'><strong>gestationiaque</strong></span> <span class='ocrx_word' id='word_1_44' title='bbox 1143 893 1261 964; x_wconf 83' lang='lat' dir='ltr'><strong>tempus</strong></span> 
     </span>
     <span class='ocr_line' id='line_1_6' title="bbox 108 977 1262 1066; baseline 0.007 -30"><span class='ocrx_word' id='word_1_45' title='bbox 108 977 320 1039; x_wconf 76' lang='lat' dir='ltr'><strong>differendum</strong></span> <span class='ocrx_word' id='word_1_46' title='bbox 332 999 400 1049; x_wconf 84' lang='lat' dir='ltr'><strong>esse,</strong></span> <span class='ocrx_word' id='word_1_47' title='bbox 419 978 514 1066; x_wconf 86' lang='lat' dir='ltr'><strong>donec</strong></span> <span class='ocrx_word' id='word_1_48' title='bbox 534 999 670 1058; x_wconf 74' lang='lat' dir='ltr'><strong>smentnn</strong></span> <span class='ocrx_word' id='word_1_49' title='bbox 689 981 729 1042; x_wconf 89' lang='lat' dir='ltr'><strong>sit</strong></span> <span class='ocrx_word' id='word_1_50' title='bbox 740 985 881 1061; x_wconf 76' lang='lat' dir='ltr'><strong>tempus?</strong></span> <span class='ocrx_word' id='word_1_51' title='bbox 901 1003 940 1041; x_wconf 88' lang='lat' dir='ltr'><strong>an</strong></span> <span class='ocrx_word' id='word_1_52' title='bbox 954 1001 1043 1042; x_wconf 79' lang='lat' dir='ltr'><strong>eumn</strong></span> <span class='ocrx_word' id='word_1_53' title='bbox 1055 981 1181 1043; x_wconf 77' lang='lat' dir='ltr'><strong>vehrmr</strong></span> <span class='ocrx_word' id='word_1_54' title='bbox 1192 994 1262 1064; x_wconf 88' lang='lat' dir='ltr'><strong>pust</strong></span> 
     </span>
     <span class='ocr_line' id='line_1_7' title="bbox 108 1081 1260 1166; baseline 0.007 -26"><span class='ocrx_word' id='word_1_55' title='bbox 108 1081 256 1160; x_wconf 83' lang='lat' dir='ltr'><strong>pluvium</strong></span> <span class='ocrx_word' id='word_1_56' title='bbox 269 1081 317 1142; x_wconf 86' lang='lat' dir='ltr'><strong>rel</strong></span> <span class='ocrx_word' id='word_1_57' title='bbox 328 1101 380 1162; x_wconf 84' lang='lat' dir='ltr'><strong>per</strong></span> <span class='ocrx_word' id='word_1_58' title='bbox 391 1101 521 1142; x_wconf 84' lang='lat' dir='ltr'><strong>ooeuosss</strong></span> <span class='ocrx_word' id='word_1_59' title='bbox 534 1082 654 1161; x_wconf 73' lang='lat' dir='ltr'><strong>plateas,</strong></span> <span class='ocrx_word' id='word_1_60' title='bbox 663 1083 716 1145; x_wconf 90' lang='lat' dir='ltr'><strong>ubi</strong></span> <span class='ocrx_word' id='word_1_61' title='bbox 729 1084 878 1145; x_wconf 89' lang='lat' dir='ltr'><strong>mulorum</strong></span> <span class='ocrx_word' id='word_1_62' title='bbox 887 1085 978 1165; x_wconf 85' lang='lat' dir='ltr'><strong>pedes</strong></span> <span class='ocrx_word' id='word_1_63' title='bbox 990 1083 1048 1145; x_wconf 73' lang='lat' dir='ltr'><strong>leto</strong></span> <span class='ocrx_word' id='word_1_64' title='bbox 1059 1088 1260 1166; x_wconf 65' lang='lat' dir='ltr'><strong>sparguntur?</strong></span> 
     </span>
     <span class='ocr_line' id='line_1_8' title="bbox 109 1179 1260 1262; baseline 0.004 -25"><span class='ocrx_word' id='word_1_65' title='bbox 109 1180 202 1248; x_wconf 79' lang='lat' dir='ltr'><strong>Qur&#39;n</strong></span> <span class='ocrx_word' id='word_1_66' title='bbox 208 1180 306 1258; x_wconf 78' lang='lat' dir='ltr'><strong>potiar</strong></span> <span class='ocrx_word' id='word_1_67' title='bbox 315 1179 369 1250; x_wconf 76' lang='lat' dir='ltr'><strong>hic,</strong></span> <span class='ocrx_word' id='word_1_68' title='bbox 383 1180 415 1240; x_wconf 88' lang='lat' dir='ltr'><strong>iu</strong></span> <span class='ocrx_word' id='word_1_69' title='bbox 424 1181 551 1260; x_wconf 78' lang='lat' dir='ltr'><strong>porticu,</strong></span> <span class='ocrx_word' id='word_1_70' title='bbox 562 1181 720 1260; x_wconf 69' lang='lat' dir='ltr'><strong>gestatum</strong></span> <span class='ocrx_word' id='word_1_71' title='bbox 728 1181 775 1242; x_wconf 89' lang='lat' dir='ltr'><strong>vel</strong></span> <span class='ocrx_word' id='word_1_72' title='bbox 786 1181 919 1254; x_wconf 76' lang='lat' dir='ltr'>vehetur,</span> <span class='ocrx_word' id='word_1_73' title='bbox 934 1182 986 1244; x_wconf 91' lang='lat' dir='ltr'><strong>ubi</strong></span> <span class='ocrx_word' id='word_1_74' title='bbox 996 1181 1108 1262; x_wconf 66' lang='lat' dir='ltr'><strong>augea</strong></span> <span class='ocrx_word' id='word_1_75' title='bbox 1120 1201 1155 1242; x_wconf 87' lang='lat' dir='ltr'><strong>ac</strong></span> <span class='ocrx_word' id='word_1_76' title='bbox 1167 1182 1260 1262; x_wconf 81' lang='lat' dir='ltr'><strong>pedes</strong></span> 
     </span>
     <span class='ocr_line' id='line_1_9' title="bbox 110 1281 1261 1365; baseline 0.003 -23"><span class='ocrx_word' id='word_1_77' title='bbox 110 1281 198 1342; x_wconf 70' lang='lat' dir='ltr'><strong>nete</strong></span> <span class='ocrx_word' id='word_1_78' title='bbox 209 1281 305 1352; x_wconf 73' lang='lat' dir='ltr'><strong>m&#39;tmt,</strong></span> <span class='ocrx_word' id='word_1_79' title='bbox 322 1281 387 1342; x_wconf 84' lang='lat' dir='ltr'><strong>Isto</strong></span> <span class='ocrx_word' id='word_1_80' title='bbox 400 1303 462 1346; x_wconf 86' lang='lat' dir='ltr'><strong>non</strong></span> <span class='ocrx_word' id='word_1_81' title='bbox 474 1283 675 1362; x_wconf 85' lang='lat' dir='ltr'><strong>inquinentur.</strong></span> <span class='ocrx_word' id='word_1_82' title='bbox 685 1317 727 1341; x_wconf 60' lang='lat' dir='ltr'><strong>u-</strong></span> <span class='ocrx_word' id='word_1_83' title='bbox 740 1292 807 1346; x_wconf 80' lang='lat'><strong>182.</strong></span> <span class='ocrx_word' id='word_1_84' title='bbox 821 1283 913 1346; x_wconf 80' lang='lat' dir='ltr'><strong>Parte</strong></span> <span class='ocrx_word' id='word_1_85' title='bbox 924 1284 993 1357; x_wconf 80' lang='lat' dir='ltr'><strong>aliu,</strong></span> <span class='ocrx_word' id='word_1_86' title='bbox 1007 1286 1039 1344; x_wconf 88' lang='lat' dir='ltr'><strong>iu</strong></span> <span class='ocrx_word' id='word_1_87' title='bbox 1052 1286 1194 1365; x_wconf 74' lang='lat' dir='ltr'><strong>superiori</strong></span> <span class='ocrx_word' id='word_1_88' title='bbox 1206 1286 1261 1346; x_wconf 80' lang='lat' dir='ltr'><strong>tlo-</strong></span> 
     </span>
     <span class='ocr_line' id='line_1_10' title="bbox 112 1385 1260 1470; baseline 0.005 -28"><span class='ocrx_word' id='word_1_89' title='bbox 112 1405 181 1444; x_wconf 87' lang='lat' dir='ltr'><strong>mus</strong></span> <span class='ocrx_word' id='word_1_90' title='bbox 201 1397 295 1465; x_wconf 72' lang='lat' dir='ltr'><strong>perte,</strong></span> <span class='ocrx_word' id='word_1_91' title='bbox 316 1393 417 1466; x_wconf 79' lang='lat' dir='ltr'><strong>turget</strong></span> <span class='ocrx_word' id='word_1_92' title='bbox 439 1387 482 1462; x_wconf 79' lang='lat' dir='ltr'><strong>(v.</strong></span> <span class='ocrx_word' id='word_1_93' title='bbox 502 1387 541 1446; x_wconf 81' lang='lat' dir='ltr'><strong>sd</strong></span> <span class='ocrx_word' id='word_1_94' title='bbox 561 1385 718 1468; x_wconf 78' lang='lat' dir='ltr'>v1‚529.)</span> <span class='ocrx_word' id='word_1_95' title='bbox 738 1388 863 1459; x_wconf 68' lang='lat' dir='ltr'><strong>metm,</strong></span> <span class='ocrx_word' id='word_1_96' title='bbox 883 1389 1054 1459; x_wconf 71' lang='lat' dir='ltr'><strong>triclinium,</strong></span> <span class='ocrx_word' id='word_1_97' title='bbox 1063 1388 1152 1469; x_wconf 76' lang='lat' dir='ltr'><strong>sidtu</strong></span> <span class='ocrx_word' id='word_1_98' title='bbox 1170 1389 1260 1470; x_wconf 74' lang='lat' dir='ltr'><strong>loug&#39;u</strong></span> 
     </span>
     <span class='ocr_line' id='line_1_11' title="bbox 114 1487 1260 1571; baseline 0.008 -26"><span class='ocrx_word' id='word_1_99' title='bbox 114 1487 251 1546; x_wconf 73' lang='grc' dir='ltr'><strong>ωῑιιηιιίι</strong></span> <span class='ocrx_word' id='word_1_100' title='bbox 272 1487 470 1560; x_wconf 70' lang='lat' dir='ltr'><strong>Numidarum,</strong></span> <span class='ocrx_word' id='word_1_101' title='bbox 494 1509 532 1550; x_wconf 84' lang='lat' dir='ltr'><strong>ex</strong></span> <span class='ocrx_word' id='word_1_102' title='bbox 554 1489 713 1551; x_wconf 86' lang='lat' dir='ltr'><strong>Numidico</strong></span> <span class='ocrx_word' id='word_1_103' title='bbox 735 1491 925 1564; x_wconf 59' lang='lat' dir='ltr'><strong>susumus-est⁰</strong></span> <span class='ocrx_word' id='word_1_104' title='bbox 943 1499 971 1554; x_wconf 78' lang='lat' dir='ltr'><strong>et</strong></span> <span class='ocrx_word' id='word_1_105' title='bbox 993 1491 1100 1571; x_wconf 78' lang='lat' dir='ltr'><strong>rapiat,</strong></span> <span class='ocrx_word' id='word_1_106' title='bbox 1123 1491 1260 1571; x_wconf 82' lang='lat' dir='ltr'><strong>excipiat,</strong></span> 
     </span>
     <span class='ocr_line' id='line_1_12' title="bbox 117 1587 1260 1672; baseline 0.008 -24"><span class='ocrx_word' id='word_1_107' title='bbox 117 1590 203 1648; x_wconf 73' lang='lat' dir='ltr'><strong>roien</strong></span> <span class='ocrx_word' id='word_1_108' title='bbox 214 1587 356 1670; x_wconf 62' lang='lat' dir='ltr'><strong>ulgmtm</strong></span> <span class='ocrx_word' id='word_1_109' title='bbox 371 1593 515 1672; x_wconf 90' lang='lat' dir='ltr'><strong>tepidum,</strong></span> <span class='ocrx_word' id='word_1_110' title='bbox 533 1602 563 1652; x_wconf 89' lang='lat' dir='ltr'><strong>et</strong></span> <span class='ocrx_word' id='word_1_111' title='bbox 576 1593 753 1653; x_wconf 88' lang='lat' dir='ltr'><strong>mstutinum</strong></span> <span class='ocrx_word' id='word_1_112' title='bbox 768 1605 799 1654; x_wconf 89' lang='lat' dir='ltr'><strong>et</strong></span> <span class='ocrx_word' id='word_1_113' title='bbox 811 1589 986 1656; x_wconf 71' lang='lat' dir='ltr'><strong>hssscmumr</strong></span> <span class='ocrx_word' id='word_1_114' title='bbox 1007 1613 1076 1653; x_wconf 77' lang='lat' dir='ltr'><strong>num</strong></span> <span class='ocrx_word' id='word_1_115' title='bbox 1088 1593 1215 1656; x_wconf 78' lang='lat' dir='ltr'><strong>triclmia</strong></span> <span class='ocrx_word' id='word_1_116' title='bbox 1227 1597 1260 1656; x_wconf 88' lang='lat' dir='ltr'><strong>in</strong></span> 
     </span>
     <span class='ocr_line' id='line_1_13' title="bbox 117 1693 1258 1776; baseline 0.004 -24"><span class='ocrx_word' id='word_1_117' title='bbox 117 1693 197 1753; x_wconf 84' lang='lat' dir='ltr'><strong>villis</strong></span> <span class='ocrx_word' id='word_1_118' title='bbox 210 1696 445 1773; x_wconf 74' lang='lat' dir='ltr'><strong>septemtrionem</strong></span> <span class='ocrx_word' id='word_1_119' title='bbox 456 1696 631 1775; x_wconf 86' lang='lat' dir='ltr'><strong>plerumque</strong></span> <span class='ocrx_word' id='word_1_120' title='bbox 641 1707 671 1756; x_wconf 90' lang='lat' dir='ltr'><strong>et</strong></span> <span class='ocrx_word' id='word_1_121' title='bbox 681 1697 821 1756; x_wconf 78' lang='lat' dir='ltr'><strong>orientem</strong></span> <span class='ocrx_word' id='word_1_122' title='bbox 836 1697 884 1756; x_wconf 80' lang='lat' dir='ltr'><strong>vel</strong></span> <span class='ocrx_word' id='word_1_123' title='bbox 898 1697 999 1776; x_wconf 82' lang='lat' dir='ltr'><strong>potius</strong></span> <span class='ocrx_word' id='word_1_124' title='bbox 1010 1696 1163 1757; x_wconf 82' lang='lat' dir='ltr'><strong>meridiem</strong></span> <span class='ocrx_word' id='word_1_125' title='bbox 1176 1711 1258 1776; x_wconf 78' lang='lat' dir='ltr'><strong>spec-</strong></span> 
     </span>
     <span class='ocr_line' id='line_1_14' title="bbox 115 1797 1258 1880; baseline 0.007 -25"><span class='ocrx_word' id='word_1_126' title='bbox 115 1799 223 1867; x_wconf 81' lang='lat' dir='ltr'><strong>ubmt,</strong></span> <span class='ocrx_word' id='word_1_127' title='bbox 240 1809 273 1856; x_wconf 89' lang='lat' dir='ltr'><strong>ut</strong></span> <span class='ocrx_word' id='word_1_128' title='bbox 286 1797 385 1857; x_wconf 86' lang='lat' dir='ltr'><strong>hicme</strong></span> <span class='ocrx_word' id='word_1_129' title='bbox 398 1798 561 1877; x_wconf 88' lang='lat' dir='ltr'><strong>plurimum</strong></span> <span class='ocrx_word' id='word_1_130' title='bbox 574 1798 643 1858; x_wconf 88' lang='lat' dir='ltr'><strong>solis</strong></span> <span class='ocrx_word' id='word_1_131' title='bbox 656 1809 758 1860; x_wconf 82' lang='lat' dir='ltr'><strong>versus</strong></span> <span class='ocrx_word' id='word_1_132' title='bbox 770 1799 925 1860; x_wconf 81' lang='lat' dir='ltr'><strong>meridiem</strong></span> <span class='ocrx_word' id='word_1_133' title='bbox 935 1811 1044 1880; x_wconf 82' lang='lat' dir='ltr'><strong>apertu,</strong></span> <span class='ocrx_word' id='word_1_134' title='bbox 1058 1810 1159 1862; x_wconf 69' lang='lat' dir='ltr'><strong>oesmtc</strong></span> <span class='ocrx_word' id='word_1_135' title='bbox 1170 1798 1258 1862; x_wconf 79' lang='lat' dir='ltr'><strong>mini-</strong></span> 
     </span>
     <span class='ocr_line' id='line_1_15' title="bbox 114 1900 1259 1982; baseline 0.007 -27"><span class='ocrx_word' id='word_1_136' title='bbox 114 1917 194 1958; x_wconf 88' lang='lat' dir='ltr'><strong>mum</strong></span> <span class='ocrx_word' id='word_1_137' title='bbox 208 1901 384 1978; x_wconf 84' lang='lat' dir='ltr'><strong>reciperent.</strong></span> <span class='ocrx_word' id='word_1_138' title='bbox 393 1900 416 1945; x_wconf 82' lang='lat'><strong>⁷¹</strong></span> <span class='ocrx_word' id='word_1_139' title='bbox 432 1935 473 1950; x_wconf 91' lang='lat'><strong>-·</strong></span> <span class='ocrx_word' id='word_1_140' title='bbox 488 1909 547 1962; x_wconf 86' lang='lat'><strong>184</strong></span> <span class='ocrx_word' id='word_1_141' title='bbox 560 1922 618 1982; x_wconf 85' lang='lat' dir='ltr'><strong>seq.</strong></span> <span class='ocrx_word' id='word_1_142' title='bbox 636 1901 855 1980; x_wconf 77' lang='lat' dir='ltr'><strong>Quuuticumque</strong></span> <span class='ocrx_word' id='word_1_143' title='bbox 867 1902 954 1980; x_wconf 89' lang='lat' dir='ltr'><strong>pretii</strong></span> <span class='ocrx_word' id='word_1_144' title='bbox 967 1903 1064 1962; x_wconf 71' lang='lat' dir='ltr'><strong>doinus</strong></span> <span class='ocrx_word' id='word_1_145' title='bbox 1077 1903 1114 1963; x_wconf 89' lang='lat' dir='ltr'><strong>sit</strong></span> <span class='ocrx_word' id='word_1_146' title='bbox 1127 1903 1176 1963; x_wconf 82' lang='lat' dir='ltr'><strong>vei</strong></span> <span class='ocrx_word' id='word_1_147' title='bbox 1188 1921 1259 1963; x_wconf 88' lang='lat' dir='ltr'><strong>oon·</strong></span> 
     </span>
     <span class='ocr_line' id='line_1_16' title="bbox 115 1997 1262 2078; baseline 0.004 -22"><span class='ocrx_word' id='word_1_148' title='bbox 115 2007 179 2066; x_wconf 84' lang='lat' dir='ltr'><strong>stet,</strong></span> <span class='ocrx_word' id='word_1_149' title='bbox 199 1997 229 2056; x_wconf 75' lang='lat' dir='ltr'><strong>Iu</strong></span> <span class='ocrx_word' id='word_1_150' title='bbox 243 2017 269 2057; x_wconf 91' lang='lat' dir='ltr'><strong>e.</strong></span> <span class='ocrx_word' id='word_1_151' title='bbox 290 1998 346 2058; x_wconf 87' lang='lat' dir='ltr'><strong>etsi</strong></span> <span class='ocrx_word' id='word_1_152' title='bbox 360 2009 455 2059; x_wconf 88' lang='lat' dir='ltr'><strong>tantus</strong></span> <span class='ocrx_word' id='word_1_153' title='bbox 475 2007 589 2060; x_wconf 86' lang='lat' dir='ltr'><strong>sumtus</strong></span> <span class='ocrx_word' id='word_1_154' title='bbox 610 2000 643 2060; x_wconf 90' lang='lat' dir='ltr'><strong>in</strong></span> <span class='ocrx_word' id='word_1_155' title='bbox 661 1999 908 2078; x_wconf 79' lang='lat' dir='ltr'><strong>magnificentiam</strong></span> <span class='ocrx_word' id='word_1_156' title='bbox 928 1999 1033 2059; x_wconf 78' lang='lat' dir='ltr'><strong>domm</strong></span> <span class='ocrx_word' id='word_1_157' title='bbox 1053 1999 1102 2059; x_wconf 82' lang='lat' dir='ltr'><strong>vel</strong></span> <span class='ocrx_word' id='word_1_158' title='bbox 1121 1999 1262 2062; x_wconf 74' lang='lat' dir='ltr'><strong>vittarum</strong></span> 
     </span>
     <span class='ocr_line' id='line_1_17' title="bbox 118 2100 1316 2184; baseline 0.004 -28"><span class='ocrx_word' id='word_1_159' title='bbox 118 2100 295 2178; x_wconf 72' lang='lat' dir='ltr'><strong>impendunt,</strong></span> <span class='ocrx_word' id='word_1_160' title='bbox 310 2119 371 2160; x_wconf 88' lang='lat' dir='ltr'><strong>nou</strong></span> <span class='ocrx_word' id='word_1_161' title='bbox 384 2100 511 2162; x_wconf 87' lang='lat' dir='ltr'><strong>minores</strong></span> <span class='ocrx_word' id='word_1_162' title='bbox 524 2107 622 2162; x_wconf 79' lang='lat' dir='ltr'><strong>tmners</strong></span> <span class='ocrx_word' id='word_1_163' title='bbox 637 2101 748 2161; x_wconf 69' lang='lat' dir='ltr'><strong>iaciunt</strong></span> <span class='ocrx_word' id='word_1_164' title='bbox 768 2101 800 2159; x_wconf 91' lang='lat' dir='ltr'><strong>in</strong></span> <span class='ocrx_word' id='word_1_165' title='bbox 820 2100 965 2161; x_wconf 81' lang='lat' dir='ltr'><strong>iustitium</strong></span> <span class='ocrx_word' id='word_1_166' title='bbox 985 2101 1149 2180; x_wconf 84' lang='lat' dir='ltr'><strong>epularum,</strong></span> <span class='ocrx_word' id='word_1_167' title='bbox 1169 2101 1258 2161; x_wconf 79' lang='lat' dir='ltr'><strong>mini·</strong></span> <span class='ocrx_word' id='word_1_168' title='bbox 1311 2175 1316 2184; x_wconf 21' lang='grc' dir='ltr'><strong><em>ε</em></strong></span> 
     </span>
     <span class='ocr_line' id='line_1_18' title="bbox 119 2199 1258 2279; baseline 0.003 -22"><span class='ocrx_word' id='word_1_169' title='bbox 119 2219 184 2258; x_wconf 89' lang='lat' dir='ltr'><strong>mos</strong></span> <span class='ocrx_word' id='word_1_170' title='bbox 197 2219 265 2258; x_wconf 81' lang='lat' dir='ltr'><strong>vero</strong></span> <span class='ocrx_word' id='word_1_171' title='bbox 277 2200 308 2258; x_wconf 91' lang='lat' dir='ltr'><strong>in</strong></span> <span class='ocrx_word' id='word_1_172' title='bbox 321 2199 513 2259; x_wconf 79' lang='lat' dir='ltr'><strong>honestarum</strong></span> <span class='ocrx_word' id='word_1_173' title='bbox 525 2201 632 2260; x_wconf 85' lang='lat' dir='ltr'><strong>artium</strong></span> <span class='ocrx_word' id='word_1_174' title='bbox 646 2211 840 2279; x_wconf 73' lang='lat' dir='ltr'><strong>praeceptores</strong></span> <span class='ocrx_word' id='word_1_175' title='bbox 856 2210 886 2259; x_wconf 87' lang='lat' dir='ltr'><strong>et</strong></span> <span class='ocrx_word' id='word_1_176' title='bbox 904 2202 1013 2260; x_wconf 76' lang='lat' dir='ltr'><strong>bonam</strong></span> <span class='ocrx_word' id='word_1_177' title='bbox 1033 2200 1192 2260; x_wconf 85' lang='lat' dir='ltr'><strong>liberorum</strong></span> <span class='ocrx_word' id='word_1_178' title='bbox 1212 2202 1258 2260; x_wconf 88' lang='lat' dir='ltr'><strong>iu·</strong></span> 
     </span>
     <span class='ocr_line' id='line_1_19' title="bbox 120 2298 1258 2379; baseline 0 -21"><span class='ocrx_word' id='word_1_179' title='bbox 120 2299 307 2359; x_wconf 85' lang='lat' dir='ltr'><strong>stitutionem·</strong></span> <span class='ocrx_word' id='word_1_180' title='bbox 378 2299 506 2378; x_wconf 77' lang='lat' dir='ltr'><strong>fercula,</strong></span> <span class='ocrx_word' id='word_1_181' title='bbox 527 2319 556 2358; x_wconf 88' lang='lat' dir='ltr'><strong>v.</strong></span> <span class='ocrx_word' id='word_1_182' title='bbox 581 2300 621 2359; x_wconf 89' lang='lat' dir='ltr'><strong>ad</strong></span> <span class='ocrx_word' id='word_1_183' title='bbox 641 2300 667 2370; x_wconf 91' lang='lat'><strong>1,</strong></span> <span class='ocrx_word' id='word_1_184' title='bbox 688 2307 737 2369; x_wconf 79' lang='lat'><strong>94.</strong></span> <span class='ocrx_word' id='word_1_185' title='bbox 819 2300 868 2378; x_wconf 80' lang='lat' dir='ltr'><strong>qui</strong></span> <span class='ocrx_word' id='word_1_186' title='bbox 876 2298 996 2379; x_wconf 80' lang='lat' dir='ltr'><strong>fercula</strong></span> <span class='ocrx_word' id='word_1_187' title='bbox 1018 2299 1095 2358; x_wconf 82' lang='lat' dir='ltr'><strong>docte</strong></span> <span class='ocrx_word' id='word_1_188' title='bbox 1114 2299 1258 2379; x_wconf 75' lang='lat' dir='ltr'><strong>temporit,</strong></span> 
     </span>
     <span class='ocr_line' id='line_1_20' title="bbox 118 2388 1258 2480; baseline 0 -20"><span class='ocrx_word' id='word_1_189' title='bbox 118 2400 228 2480; x_wconf 84' lang='lat' dir='ltr'><strong>peritur</strong></span> <span class='ocrx_word' id='word_1_190' title='bbox 248 2409 386 2460; x_wconf 78' lang='lat' dir='ltr'><strong>structor.</strong></span> <span class='ocrx_word' id='word_1_191' title='bbox 406 2419 436 2460; x_wconf 82' lang='lat' dir='ltr'><strong>v.</strong></span> <span class='ocrx_word' id='word_1_192' title='bbox 455 2399 494 2458; x_wconf 89' lang='lat' dir='ltr'><strong>ad</strong></span> <span class='ocrx_word' id='word_1_193' title='bbox 508 2399 545 2468; x_wconf 88' lang='lat' dir='ltr'><strong>V,</strong></span> <span class='ocrx_word' id='word_1_194' title='bbox 564 2388 830 2478; x_wconf 62' lang='grc' dir='ltr'><strong>188-185.φί</strong></span> <span class='ocrx_word' id='word_1_195' title='bbox 846 2399 1038 2479; x_wconf 73' lang='lat' dir='ltr'><strong>pulmentario</strong></span> <span class='ocrx_word' id='word_1_196' title='bbox 1055 2399 1157 2469; x_wconf 80' lang='lat' dir='ltr'><strong>condit,</strong></span> <span class='ocrx_word' id='word_1_197' title='bbox 1178 2398 1258 2469; x_wconf 73' lang='lat' dir='ltr'><strong>tacte,</strong></span> 
     </span>
     <span class='ocr_line' id='line_1_21' title="bbox 116 2498 1260 2580; baseline -0.002 -19"><span class='ocrx_word' id='word_1_198' title='bbox 116 2520 238 2580; x_wconf 74' lang='lat' dir='ltr'><strong>coquus</strong></span> <span class='ocrx_word' id='word_1_199' title='bbox 281 2499 476 2560; x_wconf 79' lang='lat' dir='ltr'><strong>Pulmenture‘u</strong></span> <span class='ocrx_word' id='word_1_200' title='bbox 500 2498 639 2559; x_wconf 85' lang='lat' dir='ltr'><strong>dicuutur</strong></span> <span class='ocrx_word' id='word_1_201' title='bbox 663 2499 775 2578; x_wconf 88' lang='lat' dir='ltr'><strong>quaevis</strong></span> <span class='ocrx_word' id='word_1_202' title='bbox 799 2499 929 2578; x_wconf 77' lang='lat' dir='ltr'><strong>opsonia,</strong></span> <span class='ocrx_word' id='word_1_203' title='bbox 950 2498 998 2558; x_wconf 83' lang='lat' dir='ltr'><strong>rel</strong></span> <span class='ocrx_word' id='word_1_204' title='bbox 1012 2520 1080 2578; x_wconf 82' lang='lat' dir='ltr'><strong>quae</strong></span> <span class='ocrx_word' id='word_1_205' title='bbox 1093 2519 1162 2559; x_wconf 89' lang='lat' dir='ltr'><strong>cum</strong></span> <span class='ocrx_word' id='word_1_206' title='bbox 1182 2507 1260 2580; x_wconf 74' lang='lat' dir='ltr'><strong>pune</strong></span> 
     </span>
     <span class='ocr_line' id='line_1_22' title="bbox 117 2596 1259 2679; baseline -0.001 -22"><span class='ocrx_word' id='word_1_207' title='bbox 117 2597 260 2673; x_wconf 83' lang='lat' dir='ltr'><strong>eduntur,</strong></span> <span class='ocrx_word' id='word_1_208' title='bbox 280 2619 298 2657; x_wconf 90' lang='lat' dir='ltr'><strong>a</strong></span> <span class='ocrx_word' id='word_1_209' title='bbox 315 2596 407 2677; x_wconf 88' lang='lat' dir='ltr'><strong>pulte,</strong></span> <span class='ocrx_word' id='word_1_210' title='bbox 429 2618 496 2678; x_wconf 86' lang='lat' dir='ltr'><strong>quse</strong></span> <span class='ocrx_word' id='word_1_211' title='bbox 515 2597 619 2678; x_wconf 79' lang='lat' dir='ltr'><strong>priscis</strong></span> <span class='ocrx_word' id='word_1_212' title='bbox 636 2598 775 2661; x_wconf 80' lang='lat' dir='ltr'><strong>Romanis</strong></span> <span class='ocrx_word' id='word_1_213' title='bbox 795 2597 861 2659; x_wconf 93' lang='lat' dir='ltr'><strong>loco</strong></span> <span class='ocrx_word' id='word_1_214' title='bbox 873 2598 958 2679; x_wconf 82' lang='lat' dir='ltr'><strong>panIs</strong></span> <span class='ocrx_word' id='word_1_215' title='bbox 971 2609 1041 2658; x_wconf 83' lang='lat' dir='ltr'><strong>erat</strong></span> <span class='ocrx_word' id='word_1_216' title='bbox 1063 2598 1105 2677; x_wconf 87' lang='lat' dir='ltr'><strong>(v.</strong></span> <span class='ocrx_word' id='word_1_217' title='bbox 1120 2597 1158 2657; x_wconf 87' lang='lat' dir='ltr'><strong>sd</strong></span> <span class='ocrx_word' id='word_1_218' title='bbox 1173 2596 1259 2672; x_wconf 87' lang='lat' dir='ltr'>XIV,</span> 
     </span>
     <span class='ocr_line' id='line_1_23' title="bbox 120 2698 1259 2782; baseline 0.003 -23"><span class='ocrx_word' id='word_1_219' title='bbox 120 2708 193 2767; x_wconf 87' lang='grc'><strong>171.</strong></span> <span class='ocrx_word' id='word_1_220' title='bbox 206 2711 239 2763; x_wconf 82' lang='lat' dir='ltr'><strong>et</strong></span> <span class='ocrx_word' id='word_1_221' title='bbox 252 2698 325 2759; x_wconf 72' lang='lat' dir='ltr'><strong>Ptin</strong></span> <span class='ocrx_word' id='word_1_222' title='bbox 341 2701 571 2782; x_wconf 60' lang='grc'><strong>1811118.)-</strong></span> <span class='ocrx_word' id='word_1_223' title='bbox 587 2701 653 2765; x_wconf 88' lang='lat'><strong>186.</strong></span> <span class='ocrx_word' id='word_1_224' title='bbox 670 2710 737 2763; x_wconf 90' lang='grc'><strong>187.</strong></span> <span class='ocrx_word' id='word_1_225' title='bbox 751 2723 780 2762; x_wconf 80' lang='lat' dir='ltr'><strong>r.</strong></span> <span class='ocrx_word' id='word_1_226' title='bbox 794 2704 833 2763; x_wconf 90' lang='lat' dir='ltr'><strong>ad</strong></span> <span class='ocrx_word' id='word_1_227' title='bbox 845 2724 873 2762; x_wconf 84' lang='lat' dir='ltr'><strong>v.</strong></span> <span class='ocrx_word' id='word_1_228' title='bbox 892 2710 957 2771; x_wconf 85' lang='grc'><strong>178.</strong></span> <span class='ocrx_word' id='word_1_229' title='bbox 1000 2702 1165 2781; x_wconf 81' lang='lat' dir='ltr'><strong>Grsngoeus</strong></span> <span class='ocrx_word' id='word_1_230' title='bbox 1177 2703 1259 2762; x_wconf 88' lang='lat' dir='ltr'><strong>hunc</strong></span> 
     </span>
     <span class='ocr_line' id='line_1_24' title="bbox 118 2804 1260 2887; baseline 0.003 -25"><span class='ocrx_word' id='word_1_231' title='bbox 118 2804 221 2863; x_wconf 91' lang='lat' dir='ltr'><strong>Iocum</strong></span> <span class='ocrx_word' id='word_1_232' title='bbox 235 2815 359 2865; x_wconf 86' lang='lat' dir='ltr'><strong>sumtum</strong></span> <span class='ocrx_word' id='word_1_233' title='bbox 372 2806 497 2884; x_wconf 79' lang='lat' dir='ltr'><strong>putabat</strong></span> <span class='ocrx_word' id='word_1_234' title='bbox 509 2826 546 2865; x_wconf 88' lang='lat' dir='ltr'><strong>ex</strong></span> <span class='ocrx_word' id='word_1_235' title='bbox 560 2806 684 2866; x_wconf 83' lang='lat' dir='ltr'><strong>Cratetis</strong></span> <span class='ocrx_word' id='word_1_236' title='bbox 698 2804 832 2866; x_wconf 74' lang='lat' dir='ltr'><strong>Thebani</strong></span> <span class='ocrx_word' id='word_1_237' title='bbox 846 2806 1034 2887; x_wconf 87' lang='lat' dir='ltr'><strong>ephemeride</strong></span> <span class='ocrx_word' id='word_1_238' title='bbox 1052 2826 1100 2884; x_wconf 87' lang='lat' dir='ltr'><strong>ap.</strong></span> <span class='ocrx_word' id='word_1_239' title='bbox 1116 2806 1213 2865; x_wconf 73' lang='lat' dir='ltr'><strong>Lsert.</strong></span> <span class='ocrx_word' id='word_1_240' title='bbox 1227 2806 1260 2865; x_wconf 91' lang='lat' dir='ltr'><strong>in</strong></span> 
     </span>
     <span class='ocr_line' id='line_1_25' title="bbox 119 2901 1259 2988; baseline 0.004 -28"><span class='ocrx_word' id='word_1_241' title='bbox 119 2903 184 2983; x_wconf 84' lang='lat' dir='ltr'><strong>ejus</strong></span> <span class='ocrx_word' id='word_1_242' title='bbox 199 2904 278 2963; x_wconf 77' lang='lat' dir='ltr'><strong>vite:</strong></span> <span class='ocrx_word' id='word_1_243' title='bbox 297 2901 365 2963; x_wconf 76' lang='grc' dir='ltr'><strong>’Τίθει</strong></span> <span class='ocrx_word' id='word_1_244' title='bbox 376 2908 493 2987; x_wconf 64' lang='grc' dir='ltr'><strong>μαγείρῳ</strong></span> <span class='ocrx_word' id='word_1_245' title='bbox 505 2908 572 2977; x_wconf 77' lang='grc' dir='ltr'><strong>μνᾶς</strong></span> <span class='ocrx_word' id='word_1_246' title='bbox 585 2906 658 2979; x_wconf 77' lang='grc' dir='ltr'><strong>δέκα,</strong></span> <span class='ocrx_word' id='word_1_247' title='bbox 678 2909 760 2988; x_wconf 65' lang='grc' dir='ltr'><em>ἰατρῷ</em></span> <span class='ocrx_word' id='word_1_248' title='bbox 782 2908 910 2987; x_wconf 62' lang='grc' dir='ltr'><strong>ὀςαχιιῆν,</strong></span> <span class='ocrx_word' id='word_1_249' title='bbox 930 2908 1025 2965; x_wconf 70' lang='grc' dir='ltr'><strong>κόλακι</strong></span> <span class='ocrx_word' id='word_1_250' title='bbox 1045 2909 1167 2964; x_wconf 68' lang='grc' dir='ltr'><strong>τάλαντα</strong></span> <span class='ocrx_word' id='word_1_251' title='bbox 1186 2905 1259 2977; x_wconf 75' lang='grc' dir='ltr'><strong>δίκα,</strong></span> 
     </span>
     <span class='ocr_line' id='line_1_26' title="bbox 117 3004 1257 3090; baseline -0.002 -23"><span class='ocrx_word' id='word_1_252' title='bbox 117 3004 257 3084; x_wconf 73' lang='grc' dir='ltr'>ονμβοῦλῳ</span> <span class='ocrx_word' id='word_1_253' title='bbox 269 3010 370 3079; x_wconf 57' lang='grc' dir='ltr'><strong>καινὸν,</strong></span> <span class='ocrx_word' id='word_1_254' title='bbox 384 3011 456 3090; x_wconf 57' lang='grc' dir='ltr'><strong>πόρνη</strong></span> <span class='ocrx_word' id='word_1_255' title='bbox 470 3010 604 3078; x_wconf 74' lang='grc' dir='ltr'><em>τάλαντον,</em></span> <span class='ocrx_word' id='word_1_256' title='bbox 619 3011 746 3086; x_wconf 77' lang='grc' dir='ltr'><strong>φιλοσόφῳ</strong></span> <span class='ocrx_word' id='word_1_257' title='bbox 759 3006 900 3089; x_wconf 48' lang='lat' dir='ltr'><strong>resipuisse.</strong></span> <span class='ocrx_word' id='word_1_258' title='bbox 937 3008 983 3071; x_wconf 86' lang='lat' dir='ltr'><strong>Cf.</strong></span> <span class='ocrx_word' id='word_1_259' title='bbox 999 3006 1123 3070; x_wconf 84' lang='lat' dir='ltr'><strong>Cratetis</strong></span> <span class='ocrx_word' id='word_1_260' title='bbox 1137 3006 1257 3087; x_wconf 70' lang='lat' dir='ltr'><strong>Fragm-</strong></span> 
     </span>
     <span class='ocr_line' id='line_1_27' title="bbox 119 3108 1258 3190; baseline -0.001 -22"><span class='ocrx_word' id='word_1_261' title='bbox 119 3109 176 3169; x_wconf 90' lang='lat'>111.</span> <span class='ocrx_word' id='word_1_262' title='bbox 196 3111 229 3169; x_wconf 92' lang='lat' dir='ltr'><strong>in</strong></span> <span class='ocrx_word' id='word_1_263' title='bbox 249 3110 382 3169; x_wconf 75' lang='lat' dir='ltr'><strong>Bruncln</strong></span> <span class='ocrx_word' id='word_1_264' title='bbox 403 3109 490 3168; x_wconf 83' lang='lat' dir='ltr'><strong>Anni.</strong></span> <span class='ocrx_word' id='word_1_265' title='bbox 511 3108 547 3168; x_wconf 89' lang='lat' dir='ltr'><strong>T.</strong></span> <span class='ocrx_word' id='word_1_266' title='bbox 568 3110 592 3168; x_wconf 90' lang='grc' dir='ltr'><strong>Ι.</strong></span> <span class='ocrx_word' id='word_1_267' title='bbox 612 3130 641 3188; x_wconf 91' lang='lat' dir='ltr'><strong>p.</strong></span> <span class='ocrx_word' id='word_1_268' title='bbox 659 3108 726 3170; x_wconf 85' lang='lat'>186.</span> <span class='ocrx_word' id='word_1_269' title='bbox 812 3111 851 3169; x_wconf 82' lang='lat' dir='ltr'><strong>Ut</strong></span> <span class='ocrx_word' id='word_1_270' title='bbox 864 3110 978 3170; x_wconf 73' lang='lat' dir='ltr'><strong>multum</strong></span> <span class='ocrx_word' id='word_1_271' title='bbox 991 3131 1031 3171; x_wconf 89' lang='lat' dir='ltr'><strong>sc.</strong></span> <span class='ocrx_word' id='word_1_272' title='bbox 1044 3110 1149 3181; x_wconf 84' lang='lat' dir='ltr'><strong>dicam,</strong></span> <span class='ocrx_word' id='word_1_273' title='bbox 1164 3119 1198 3170; x_wconf 89' lang='lat' dir='ltr'><strong>ut</strong></span> <span class='ocrx_word' id='word_1_274' title='bbox 1210 3130 1258 3190; x_wconf 87' lang='lat' dir='ltr'><strong>sp.</strong></span> 
     </span>
     <span class='ocr_line' id='line_1_28' title="bbox 120 3205 1258 3289; baseline 0.004 -24"><span class='ocrx_word' id='word_1_275' title='bbox 120 3206 206 3267; x_wconf 75' lang='lat' dir='ltr'><strong>Mart.</strong></span> <span class='ocrx_word' id='word_1_276' title='bbox 220 3208 262 3280; x_wconf 84' lang='lat' dir='ltr'><strong>X,</strong></span> <span class='ocrx_word' id='word_1_277' title='bbox 280 3215 329 3279; x_wconf 85' lang='lat'><strong>11,</strong></span> <span class='ocrx_word' id='word_1_278' title='bbox 344 3206 373 3267; x_wconf 84' lang='lat'><strong>6.</strong></span> <span class='ocrx_word' id='word_1_279' title='bbox 418 3214 483 3267; x_wconf 88' lang='lat'>188.</span> <span class='ocrx_word' id='word_1_280' title='bbox 495 3206 592 3285; x_wconf 79' lang='lat' dir='ltr'><strong>filius,</strong></span> <span class='ocrx_word' id='word_1_281' title='bbox 612 3208 689 3267; x_wconf 88' lang='lat' dir='ltr'><strong>bona</strong></span> <span class='ocrx_word' id='word_1_282' title='bbox 701 3208 766 3288; x_wconf 79' lang='lat' dir='ltr'><strong>ejus</strong></span> <span class='ocrx_word' id='word_1_283' title='bbox 786 3205 940 3280; x_wconf 87' lang='lat' dir='ltr'><strong>institutio,</strong></span> <span class='ocrx_word' id='word_1_284' title='bbox 961 3229 1028 3286; x_wconf 82' lang='lat' dir='ltr'><strong>quae</strong></span> <span class='ocrx_word' id='word_1_285' title='bbox 1042 3218 1195 3289; x_wconf 78' lang='lat' dir='ltr'><strong>tantopere</strong></span> <span class='ocrx_word' id='word_1_286' title='bbox 1206 3228 1258 3269; x_wconf 84' lang='lat' dir='ltr'><strong>ne·</strong></span> 
     </span>
     <span class='ocr_line' id='line_1_29' title="bbox 120 3304 1259 3387; baseline 0.006 -24"><span class='ocrx_word' id='word_1_287' title='bbox 120 3307 242 3385; x_wconf 69' lang='lat' dir='ltr'><strong>ptigitm</strong></span> <span class='ocrx_word' id='word_1_288' title='bbox 263 3316 293 3367; x_wconf 84' lang='lat' dir='ltr'><strong>st</strong></span> <span class='ocrx_word' id='word_1_289' title='bbox 316 3328 394 3387; x_wconf 77' lang='lat' dir='ltr'><strong>soepe</strong></span> <span class='ocrx_word' id='word_1_290' title='bbox 416 3305 608 3367; x_wconf 87' lang='lat' dir='ltr'><strong>committitur</strong></span> <span class='ocrx_word' id='word_1_291' title='bbox 634 3326 740 3387; x_wconf 80' lang='lat' dir='ltr'><strong>perum</strong></span> <span class='ocrx_word' id='word_1_292' title='bbox 764 3304 877 3368; x_wconf 88' lang='lat' dir='ltr'><strong>idoneis</strong></span> <span class='ocrx_word' id='word_1_293' title='bbox 903 3307 1142 3386; x_wconf 64' lang='lat' dir='ltr'><strong>preceptoribus,</strong></span> <span class='ocrx_word' id='word_1_294' title='bbox 1169 3307 1259 3370; x_wconf 86' lang='lat' dir='ltr'><strong>modo</strong></span> 
     </span>
     <span class='ocr_line' id='line_1_30' title="bbox 122 3408 1241 3496; baseline -0.004 -27"><span class='ocrx_word' id='word_1_295' title='bbox 122 3420 225 3469; x_wconf 88' lang='lat' dir='ltr'><strong>sumtu</strong></span> <span class='ocrx_word' id='word_1_296' title='bbox 237 3408 509 3469; x_wconf 84' lang='lat' dir='ltr'><strong>minimoeonstcnt.</strong></span> <span class='ocrx_word' id='word_1_297' title='bbox 1238 3491 1241 3496; x_wconf 82' lang='lat'>.</span> 
     </span>
    </p>

    <p class='ocr_par' dir='ltr' id='par_1_3' title="bbox 117 3510 1259 3705">
     <span class='ocr_line' id='line_1_31' title="bbox 165 3510 1259 3597; baseline 0 -25"><span class='ocrx_word' id='word_1_298' title='bbox 165 3518 224 3573; x_wconf 89' lang='grc'><strong>188</strong></span> <span class='ocrx_word' id='word_1_299' title='bbox 239 3534 294 3592; x_wconf 87' lang='lat' dir='ltr'><strong>seq.</strong></span> <span class='ocrx_word' id='word_1_300' title='bbox 315 3514 384 3583; x_wconf 86' lang='lat' dir='ltr'><strong>His,</strong></span> <span class='ocrx_word' id='word_1_301' title='bbox 399 3534 465 3597; x_wconf 85' lang='lat' dir='ltr'><strong>quse</strong></span> <span class='ocrx_word' id='word_1_302' title='bbox 480 3512 580 3572; x_wconf 86' lang='lat' dir='ltr'><strong>iudea</strong></span> <span class='ocrx_word' id='word_1_303' title='bbox 594 3532 621 3573; x_wconf 85' lang='lat' dir='ltr'><strong>v.</strong></span> <span class='ocrx_word' id='word_1_304' title='bbox 637 3520 704 3573; x_wconf 84' lang='lat'>150.</span> <span class='ocrx_word' id='word_1_305' title='bbox 718 3512 918 3591; x_wconf 72' lang='lat' dir='ltr'><strong>disputaverat</strong></span> <span class='ocrx_word' id='word_1_306' title='bbox 930 3525 1027 3591; x_wconf 88' lang='lat' dir='ltr'><strong>poeta,</strong></span> <span class='ocrx_word' id='word_1_307' title='bbox 1046 3510 1132 3573; x_wconf 78' lang='lat' dir='ltr'><strong>facile</strong></span> <span class='ocrx_word' id='word_1_308' title='bbox 1151 3512 1259 3596; x_wconf 81' lang='lat' dir='ltr'><strong>proevi·</strong></span> 
     </span>
     <span class='ocr_line' id='line_1_32' title="bbox 117 3614 1258 3705; baseline 0.001 -28"><span class='ocrx_word' id='word_1_309' title='bbox 117 3618 169 3677; x_wconf 87' lang='lat' dir='ltr'><strong>det</strong></span> <span class='ocrx_word' id='word_1_310' title='bbox 181 3616 290 3705; x_wconf 89' lang='lat' dir='ltr'><strong>opponi</strong></span> <span class='ocrx_word' id='word_1_311' title='bbox 303 3638 409 3697; x_wconf 85' lang='lat' dir='ltr'><strong>posse:</strong></span> <span class='ocrx_word' id='word_1_312' title='bbox 431 3616 503 3676; x_wconf 85' lang='lat' dir='ltr'><strong>unde</strong></span> <span class='ocrx_word' id='word_1_313' title='bbox 516 3615 603 3695; x_wconf 81' lang='lat' dir='ltr'><strong>igitur</strong></span> <span class='ocrx_word' id='word_1_314' title='bbox 620 3615 810 3684; x_wconf 77' lang='lat' dir='ltr'><strong>Quintilianus</strong></span> <span class='ocrx_word' id='word_1_315' title='bbox 822 3623 861 3675; x_wconf 84' lang='lat' dir='ltr'><strong>tot</strong></span> <span class='ocrx_word' id='word_1_316' title='bbox 875 3614 975 3689; x_wconf 72' lang='lat' dir='ltr'><strong>uultur,</strong></span> <span class='ocrx_word' id='word_1_317' title='bbox 995 3628 1040 3678; x_wconf 81' lang='lat' dir='ltr'><strong>tot</strong></span> <span class='ocrx_word' id='word_1_318' title='bbox 1052 3616 1173 3698; x_wconf 77' lang='lat' dir='ltr'><strong>predis,</strong></span> <span class='ocrx_word' id='word_1_319' title='bbox 1193 3629 1258 3678; x_wconf 82' lang='lat' dir='ltr'><strong>tau·</strong></span> 
     </span>
    </p>
   </div>
   <div class='ocr_carea' id='block_1_3' title="bbox 115 3812 1260 4463">
    <p class='ocr_par' dir='ltr' id='par_1_4' title="bbox 115 3812 1260 4269">
     <span class='ocr_line' id='line_1_33' title="bbox 148 3812 1257 3879; baseline -0.002 -16"><span class='ocrx_word' id='word_1_320' title='bbox 148 3816 168 3846; x_wconf 78' lang='lat'><em>⁰</em></span> <span class='ocrx_word' id='word_1_321' title='bbox 181 3816 221 3863; x_wconf 86' lang='lat' dir='ltr'><strong>De</strong></span> <span class='ocrx_word' id='word_1_322' title='bbox 231 3814 374 3863; x_wconf 69' lang='lat' dir='ltr'><strong>hircorum</strong></span> <span class='ocrx_word' id='word_1_323' title='bbox 385 3814 561 3879; x_wconf 76' lang='lat' dir='ltr'><strong>magnificentia</strong></span> <span class='ocrx_word' id='word_1_324' title='bbox 571 3823 628 3863; x_wconf 87' lang='lat' dir='ltr'><strong>suut</strong></span> <span class='ocrx_word' id='word_1_325' title='bbox 639 3813 674 3863; x_wconf 84' lang='lat' dir='ltr'><strong>iu·</strong></span> <span class='ocrx_word' id='word_1_326' title='bbox 739 3812 755 3843; x_wconf 66' lang='lat'><strong>&#39;¹</strong></span> <span class='ocrx_word' id='word_1_327' title='bbox 768 3829 790 3862; x_wconf 84' lang='lat' dir='ltr'><strong>v.</strong></span> <span class='ocrx_word' id='word_1_328' title='bbox 808 3812 927 3863; x_wconf 80' lang='lat' dir='ltr'><strong>Celumcl.</strong></span> <span class='ocrx_word' id='word_1_329' title='bbox 941 3813 963 3871; x_wconf 87' lang='lat'><strong>1,</strong></span> <span class='ocrx_word' id='word_1_330' title='bbox 975 3817 999 3872; x_wconf 86' lang='lat'><strong>5,</strong></span> <span class='ocrx_word' id='word_1_331' title='bbox 1011 3820 1035 3863; x_wconf 88' lang='lat'><strong>6.</strong></span> <span class='ocrx_word' id='word_1_332' title='bbox 1048 3813 1112 3862; x_wconf 84' lang='lat' dir='ltr'><strong>Plio.</strong></span> <span class='ocrx_word' id='word_1_333' title='bbox 1124 3814 1173 3875; x_wconf 86' lang='lat' dir='ltr'><strong>Ep.</strong></span> <span class='ocrx_word' id='word_1_334' title='bbox 1184 3814 1206 3869; x_wconf 88' lang='grc' dir='ltr'><strong>Ι,</strong></span> <span class='ocrx_word' id='word_1_335' title='bbox 1219 3818 1257 3872; x_wconf 86' lang='grc'><strong>17,</strong></span> 
     </span>
     <span class='ocr_line' id='line_1_34' title="bbox 118 3878 1255 3943; baseline 0.002 -14"><span class='ocrx_word' id='word_1_336' title='bbox 118 3881 225 3929; x_wconf 66' lang='lat' dir='ltr'><strong>adn</strong></span> <span class='ocrx_word' id='word_1_337' title='bbox 240 3882 324 3929; x_wconf 76' lang='lat' dir='ltr'><strong>smec</strong></span> <span class='ocrx_word' id='word_1_338' title='bbox 339 3880 387 3943; x_wconf 74' lang='lat' dir='ltr'><strong>Ep.</strong></span> <span class='ocrx_word' id='word_1_339' title='bbox 402 3887 441 3931; x_wconf 82' lang='grc'><strong>51.</strong></span> <span class='ocrx_word' id='word_1_340' title='bbox 455 3884 529 3929; x_wconf 62' lang='grc'><strong>9188.</strong></span> <span class='ocrx_word' id='word_1_341' title='bbox 545 3878 608 3929; x_wconf 89' lang='lat' dir='ltr'><strong>Plin.</strong></span> <span class='ocrx_word' id='word_1_342' title='bbox 624 3880 672 3940; x_wconf 86' lang='lat' dir='ltr'><strong>Ep.</strong></span> <span class='ocrx_word' id='word_1_343' title='bbox 710 3884 798 3943; x_wconf 84' lang='lat' dir='ltr'><strong>loseq.</strong></span> <span class='ocrx_word' id='word_1_344' title='bbox 812 3888 837 3927; x_wconf 84' lang='lat' dir='ltr'><strong>et</strong></span> <span class='ocrx_word' id='word_1_345' title='bbox 855 3878 956 3927; x_wconf 74' lang='lat' dir='ltr'><strong>canus.</strong></span> <span class='ocrx_word' id='word_1_346' title='bbox 973 3878 1004 3926; x_wconf 87' lang='lat' dir='ltr'><strong>ad</strong></span> <span class='ocrx_word' id='word_1_347' title='bbox 1022 3880 1088 3927; x_wconf 83' lang='lat' dir='ltr'><strong>Suet.</strong></span> <span class='ocrx_word' id='word_1_348' title='bbox 1103 3879 1201 3941; x_wconf 59' lang='lat' dir='ltr'><strong>Auge.</strong></span> <span class='ocrx_word' id='word_1_349' title='bbox 1215 3883 1255 3931; x_wconf 76' lang='lat'><strong>72</strong></span> 
     </span>
     <span class='ocr_line' id='line_1_35' title="bbox 119 3941 1258 4005; baseline -0.002 -10"><span class='ocrx_word' id='word_1_350' title='bbox 119 3946 160 4003; x_wconf 93' lang='lat' dir='ltr'><strong>II,</strong></span> <span class='ocrx_word' id='word_1_351' title='bbox 177 3951 213 3995; x_wconf 89' lang='grc'><strong>17.</strong></span> <span class='ocrx_word' id='word_1_352' title='bbox 228 3944 261 4005; x_wconf 87' lang='lat' dir='ltr'><strong>V,</strong></span> <span class='ocrx_word' id='word_1_353' title='bbox 273 3952 298 3995; x_wconf 84' lang='lat'><strong>6·</strong></span> <span class='ocrx_word' id='word_1_354' title='bbox 317 3946 412 3994; x_wconf 78' lang='lat' dir='ltr'><strong>Vitruv.</strong></span> <span class='ocrx_word' id='word_1_355' title='bbox 428 3944 459 4001; x_wconf 84' lang='lat' dir='ltr'><strong>V.</strong></span> <span class='ocrx_word' id='word_1_356' title='bbox 478 3951 516 3995; x_wconf 87' lang='grc'><strong>10.</strong></span> <span class='ocrx_word' id='word_1_357' title='bbox 537 3942 672 3993; x_wconf 77' lang='lat' dir='ltr'><strong>Montiruc.</strong></span> <span class='ocrx_word' id='word_1_358' title='bbox 706 3954 732 3992; x_wconf 87' lang='lat' dir='ltr'><strong>et</strong></span> <span class='ocrx_word' id='word_1_359' title='bbox 744 3944 802 3994; x_wconf 84' lang='lat' dir='ltr'><strong>Ner.</strong></span> <span class='ocrx_word' id='word_1_360' title='bbox 816 3948 855 3993; x_wconf 85' lang='lat' dir='ltr'><strong>st.</strong></span> <span class='ocrx_word' id='word_1_361' title='bbox 872 3943 1016 3991; x_wconf 76' lang='lat' dir='ltr'><strong>Plethuerus</strong></span> <span class='ocrx_word' id='word_1_362' title='bbox 1030 3941 1258 3993; x_wconf 66' lang='lat' dir='ltr'><strong>hacrerbaadhe·</strong></span> 
     </span>
     <span class='ocr_line' id='line_1_36' title="bbox 118 4006 1258 4075; baseline -0.002 -16"><span class='ocrx_word' id='word_1_363' title='bbox 118 4012 205 4075; x_wconf 80' lang='lat' dir='ltr'><strong>Amiq-</strong></span> <span class='ocrx_word' id='word_1_364' title='bbox 219 4012 252 4059; x_wconf 89' lang='grc' dir='ltr'><strong>Τ.</strong></span> <span class='ocrx_word' id='word_1_365' title='bbox 268 4012 323 4059; x_wconf 89' lang='lat'><em>111.</em></span> <span class='ocrx_word' id='word_1_366' title='bbox 343 4011 428 4059; x_wconf 80' lang='lat' dir='ltr'><strong>Maffei</strong></span> <span class='ocrx_word' id='word_1_367' title='bbox 447 4010 545 4059; x_wconf 71' lang='lat' dir='ltr'><strong>ennete</strong></span> <span class='ocrx_word' id='word_1_368' title='bbox 561 4011 674 4069; x_wconf 68' lang='lat' dir='ltr'><strong>Statuas,</strong></span> <span class='ocrx_word' id='word_1_369' title='bbox 706 4008 861 4058; x_wconf 86' lang='lat' dir='ltr'><strong>Iiocaminum</strong></span> <span class='ocrx_word' id='word_1_370' title='bbox 871 4008 955 4056; x_wconf 78' lang='lat' dir='ltr'><strong>refert:</strong></span> <span class='ocrx_word' id='word_1_371' title='bbox 979 4008 1048 4067; x_wconf 83' lang='lat' dir='ltr'><strong>Erut,</strong></span> <span class='ocrx_word' id='word_1_372' title='bbox 1065 4007 1150 4070; x_wconf 86' lang='lat' dir='ltr'><strong>iuquit,</strong></span> <span class='ocrx_word' id='word_1_373' title='bbox 1168 4006 1194 4055; x_wconf 85' lang='lat' dir='ltr'><strong>iu</strong></span> <span class='ocrx_word' id='word_1_374' title='bbox 1210 4023 1258 4057; x_wconf 72' lang='lat' dir='ltr'><strong>co·</strong></span> 
     </span>
     <span class='ocr_line' id='line_1_37' title="bbox 118 4072 1260 4132; baseline -0.004 -7"><span class='ocrx_word' id='word_1_375' title='bbox 118 4078 202 4125; x_wconf 64' lang='lat' dir='ltr'><strong>tum</strong></span> <span class='ocrx_word' id='word_1_376' title='bbox 221 4077 330 4125; x_wconf 85' lang='lat' dir='ltr'><strong>Gronov.</strong></span> <span class='ocrx_word' id='word_1_377' title='bbox 346 4076 376 4125; x_wconf 89' lang='grc' dir='ltr'><strong>Τ.</strong></span> <span class='ocrx_word' id='word_1_378' title='bbox 393 4076 444 4124; x_wconf 84' lang='lat' dir='ltr'><strong>tx.</strong></span> <span class='ocrx_word' id='word_1_379' title='bbox 459 4076 542 4129; x_wconf 68' lang='lat' dir='ltr'><strong>Grec:</strong></span> <span class='ocrx_word' id='word_1_380' title='bbox 559 4076 590 4123; x_wconf 92' lang='grc' dir='ltr'><strong>Τ.</strong></span> <span class='ocrx_word' id='word_1_381' title='bbox 604 4074 671 4123; x_wconf 85' lang='lat' dir='ltr'><strong>xn.</strong></span> <span class='ocrx_word' id='word_1_382' title='bbox 706 4074 799 4123; x_wconf 82' lang='lat' dir='ltr'><strong>usculis</strong></span> <span class='ocrx_word' id='word_1_383' title='bbox 815 4072 986 4123; x_wconf 71' lang='lat' dir='ltr'><strong>renuentum</strong></span> <span class='ocrx_word' id='word_1_384' title='bbox 1005 4072 1040 4122; x_wconf 78' lang='lat' dir='ltr'><strong>its</strong></span> <span class='ocrx_word' id='word_1_385' title='bbox 1058 4072 1208 4132; x_wconf 63' lang='lat' dir='ltr'><strong>metecus,</strong></span> <span class='ocrx_word' id='word_1_386' title='bbox 1230 4082 1260 4123; x_wconf 88' lang='lat' dir='ltr'><strong>ut</strong></span> 
     </span>
     <span class='ocr_line' id='line_1_38' title="bbox 116 4136 1259 4205; baseline -0.002 -16"><span class='ocrx_word' id='word_1_387' title='bbox 116 4154 141 4189; x_wconf 83' lang='lat' dir='ltr'><strong>er</strong></span> <span class='ocrx_word' id='word_1_388' title='bbox 151 4140 274 4205; x_wconf 67' lang='lat' dir='ltr'><strong>snttengr.</strong></span> <span class='ocrx_word' id='word_1_389' title='bbox 288 4140 320 4189; x_wconf 91' lang='grc' dir='ltr'><strong>Τ.</strong></span> <span class='ocrx_word' id='word_1_390' title='bbox 336 4141 368 4189; x_wconf 86' lang='lat' dir='ltr'><strong>V.</strong></span> <span class='ocrx_word' id='word_1_391' title='bbox 383 4140 437 4189; x_wconf 73' lang='lat' dir='ltr'><strong>&#39;Ine</strong></span> <span class='ocrx_word' id='word_1_392' title='bbox 450 4141 526 4189; x_wconf 79' lang='lat' dir='ltr'><strong>Baths</strong></span> <span class='ocrx_word' id='word_1_393' title='bbox 535 4140 564 4189; x_wconf 82' lang='lat' dir='ltr'><strong>of</strong></span> <span class='ocrx_word' id='word_1_394' title='bbox 571 4141 611 4188; x_wconf 90' lang='lat' dir='ltr'><strong>the</strong></span> <span class='ocrx_word' id='word_1_395' title='bbox 626 4142 675 4188; x_wconf 84' lang='lat' dir='ltr'><strong>Ro-</strong></span> <span class='ocrx_word' id='word_1_396' title='bbox 707 4137 830 4202; x_wconf 83' lang='lat' dir='ltr'><strong>vrporurio</strong></span> <span class='ocrx_word' id='word_1_397' title='bbox 844 4138 949 4202; x_wconf 76' lang='lat' dir='ltr'><strong>quodum</strong></span> <span class='ocrx_word' id='word_1_398' title='bbox 965 4137 1052 4186; x_wconf 83' lang='lat' dir='ltr'><strong>soleres</strong></span> <span class='ocrx_word' id='word_1_399' title='bbox 1067 4136 1098 4186; x_wconf 87' lang='lat' dir='ltr'><strong>ad</strong></span> <span class='ocrx_word' id='word_1_400' title='bbox 1109 4154 1134 4186; x_wconf 87' lang='lat' dir='ltr'><strong>se</strong></span> <span class='ocrx_word' id='word_1_401' title='bbox 1144 4138 1211 4202; x_wconf 79' lang='lat' dir='ltr'><strong>quasi</strong></span> <span class='ocrx_word' id='word_1_402' title='bbox 1220 4154 1259 4187; x_wconf 90' lang='lat' dir='ltr'><strong>ra·</strong></span> 
     </span>
     <span class='ocr_line' id='line_1_39' title="bbox 115 4202 1259 4269; baseline -0.003 -14"><span class='ocrx_word' id='word_1_403' title='bbox 115 4206 368 4269; x_wconf 61' lang='lat' dir='ltr'><strong>membressitano,</strong></span> <span class='ocrx_word' id='word_1_404' title='bbox 379 4205 457 4255; x_wconf 88' lang='lat' dir='ltr'><strong>Loud.</strong></span> <span class='ocrx_word' id='word_1_405' title='bbox 473 4211 543 4255; x_wconf 77' lang='lat'>1772.</span> <span class='ocrx_word' id='word_1_406' title='bbox 707 4214 774 4266; x_wconf 82' lang='lat' dir='ltr'><strong>peret</strong></span> <span class='ocrx_word' id='word_1_407' title='bbox 793 4202 878 4262; x_wconf 81' lang='lat' dir='ltr'><strong>rsdioa,</strong></span> <span class='ocrx_word' id='word_1_408' title='bbox 906 4202 940 4252; x_wconf 81' lang='lat' dir='ltr'><strong>its</strong></span> <span class='ocrx_word' id='word_1_409' title='bbox 959 4212 989 4251; x_wconf 87' lang='lat' dir='ltr'><strong>ut</strong></span> <span class='ocrx_word' id='word_1_410' title='bbox 1008 4202 1134 4265; x_wconf 76' lang='lat' dir='ltr'><strong>posturodo</strong></span> <span class='ocrx_word' id='word_1_411' title='bbox 1156 4204 1259 4252; x_wconf 79' lang='lat' dir='ltr'><strong>calorem</strong></span> 
     </span>
    </p>

    <p class='ocr_par' dir='ltr' id='par_1_5' title="bbox 115 4268 1259 4463">
     <span class='ocr_line' id='line_1_40' title="bbox 146 4268 1259 4333; baseline 0.001 -16"><span class='ocrx_word' id='word_1_412' title='bbox 146 4274 165 4302; x_wconf 75' lang='lat'><strong>²·</strong></span> <span class='ocrx_word' id='word_1_413' title='bbox 176 4288 201 4319; x_wconf 82' lang='lat' dir='ltr'><strong>r.</strong></span> <span class='ocrx_word' id='word_1_414' title='bbox 218 4270 284 4319; x_wconf 88' lang='lat' dir='ltr'><strong>Plio.</strong></span> <span class='ocrx_word' id='word_1_415' title='bbox 301 4272 332 4328; x_wconf 83' lang='lat' dir='ltr'><strong>V,</strong></span> <span class='ocrx_word' id='word_1_416' title='bbox 350 4278 374 4319; x_wconf 83' lang='lat'><strong>8.</strong></span> <span class='ocrx_word' id='word_1_417' title='bbox 395 4272 529 4329; x_wconf 77' lang='lat' dir='ltr'>xxxvl,</span> <span class='ocrx_word' id='word_1_418' title='bbox 546 4278 569 4321; x_wconf 82' lang='lat'><strong>6.</strong></span> <span class='ocrx_word' id='word_1_419' title='bbox 591 4270 673 4319; x_wconf 82' lang='lat' dir='ltr'><strong>Barth·</strong></span> <span class='ocrx_word' id='word_1_420' title='bbox 707 4268 836 4333; x_wconf 84' lang='lat' dir='ltr'><strong>quemdum</strong></span> <span class='ocrx_word' id='word_1_421' title='bbox 846 4284 889 4331; x_wconf 84' lang='lat' dir='ltr'><strong>per</strong></span> <span class='ocrx_word' id='word_1_422' title='bbox 898 4268 998 4330; x_wconf 79' lang='lat' dir='ltr'><strong>parietes</strong></span> <span class='ocrx_word' id='word_1_423' title='bbox 1008 4268 1155 4327; x_wconf 79' lang='lat' dir='ltr'><strong>effunderct3</strong></span> <span class='ocrx_word' id='word_1_424' title='bbox 1170 4269 1259 4333; x_wconf 87' lang='lat' dir='ltr'><strong>dequo</strong></span> 
     </span>
     <span class='ocr_line' id='line_1_41' title="bbox 115 4333 1257 4400; baseline -0.004 -12"><span class='ocrx_word' id='word_1_425' title='bbox 115 4336 143 4384; x_wconf 79' lang='lat' dir='ltr'><strong>ad</strong></span> <span class='ocrx_word' id='word_1_426' title='bbox 161 4338 225 4385; x_wconf 73' lang='lat' dir='ltr'><strong>Stat.</strong></span> <span class='ocrx_word' id='word_1_427' title='bbox 243 4336 377 4397; x_wconf 75' lang='lat' dir='ltr'><strong>sitv.1,5‚</strong></span> <span class='ocrx_word' id='word_1_428' title='bbox 394 4344 432 4387; x_wconf 78' lang='lat'><strong>36.</strong></span> <span class='ocrx_word' id='word_1_429' title='bbox 450 4346 475 4386; x_wconf 86' lang='lat' dir='ltr'><strong>ct</strong></span> <span class='ocrx_word' id='word_1_430' title='bbox 493 4336 568 4400; x_wconf 87' lang='lat' dir='ltr'><strong>intpp.</strong></span> <span class='ocrx_word' id='word_1_431' title='bbox 587 4336 673 4387; x_wconf 86' lang='lat' dir='ltr'><strong>Horst.</strong></span> <span class='ocrx_word' id='word_1_432' title='bbox 708 4350 729 4382; x_wconf 81' lang='lat' dir='ltr'><strong>v.</strong></span> <span class='ocrx_word' id='word_1_433' title='bbox 746 4336 828 4384; x_wconf 84' lang='lat' dir='ltr'><strong>Seuec.</strong></span> <span class='ocrx_word' id='word_1_434' title='bbox 842 4333 948 4395; x_wconf 85' lang='lat' dir='ltr'><strong>deprov.</strong></span> <span class='ocrx_word' id='word_1_435' title='bbox 961 4333 1010 4382; x_wconf 82' lang='lat' dir='ltr'><strong>div.</strong></span> <span class='ocrx_word' id='word_1_436' title='bbox 1023 4351 1044 4383; x_wconf 88' lang='lat' dir='ltr'><strong>c.</strong></span> <span class='ocrx_word' id='word_1_437' title='bbox 1056 4339 1078 4384; x_wconf 78' lang='lat' dir='ltr'><strong>t.</strong></span> <span class='ocrx_word' id='word_1_438' title='bbox 1093 4344 1118 4385; x_wconf 82' lang='lat' dir='ltr'><strong>ut</strong></span> <span class='ocrx_word' id='word_1_439' title='bbox 1130 4335 1193 4385; x_wconf 89' lang='lat' dir='ltr'><strong>I’liu.</strong></span> <span class='ocrx_word' id='word_1_440' title='bbox 1207 4336 1257 4398; x_wconf 80' lang='lat' dir='ltr'><strong>Ep.</strong></span> 
     </span>
     <span class='ocr_line' id='line_1_42' title="bbox 116 4399 1036 4463; baseline -0.003 -12"><span class='ocrx_word' id='word_1_441' title='bbox 116 4402 164 4451; x_wconf 77' lang='lat' dir='ltr'><strong>Ori.</strong></span> <span class='ocrx_word' id='word_1_442' title='bbox 181 4402 224 4458; x_wconf 84' lang='lat'><strong>11,</strong></span> <span class='ocrx_word' id='word_1_443' title='bbox 239 4406 278 4460; x_wconf 78' lang='lat'><strong>1⁸,</strong></span> <span class='ocrx_word' id='word_1_444' title='bbox 292 4409 315 4451; x_wconf 73' lang='lat' dir='ltr'><strong>t.</strong></span> <span class='ocrx_word' id='word_1_445' title='bbox 709 4400 747 4459; x_wconf 89' lang='lat'><strong>11,</strong></span> <span class='ocrx_word' id='word_1_446' title='bbox 760 4405 798 4458; x_wconf 90' lang='grc'><strong>17,</strong></span> <span class='ocrx_word' id='word_1_447' title='bbox 812 4406 852 4451; x_wconf 74' lang='grc'><strong>80.</strong></span> <span class='ocrx_word' id='word_1_448' title='bbox 865 4400 907 4451; x_wconf 82' lang='lat' dir='ltr'><strong>ubi</strong></span> <span class='ocrx_word' id='word_1_449' title='bbox 917 4399 948 4450; x_wconf 79' lang='lat' dir='ltr'><strong>cf.</strong></span> <span class='ocrx_word' id='word_1_450' title='bbox 961 4400 1036 4463; x_wconf 86' lang='lat' dir='ltr'><strong>intpp.</strong></span> 
     </span>
    </p>
   </div>
   <div class='ocr_carea' id='block_1_4' title="bbox 642 4468 718 4628">
    <p class='ocr_par' dir='ltr' id='par_1_6' title="bbox 642 4468 718 4628">
     <span class='ocr_line' id='line_1_43' title="bbox 642 4468 718 4530; baseline 0 0"><span class='ocrx_word' id='word_1_451' title='bbox 642 4468 718 4530; x_wconf 80' lang='lat' dir='ltr'><strong>&#39;Yu</strong></span> 
     </span>
     <span class='ocr_line' id='line_1_44' title="bbox 677 4595 694 4628; baseline 0 0"><span class='ocrx_word' id='word_1_452' title='bbox 677 4595 694 4628; x_wconf 84' lang='lat'><strong><em>(</em></strong></span> 
     </span>
    </p>
   </div>
   <div class='ocr_carea' id='block_1_5' title="bbox 0 0 1554 5250">
    <p class='ocr_par' dir='ltr' id='par_1_7' title="bbox 0 0 1554 5250">
     <span class='ocr_line' id='line_1_45' title="bbox 0 0 1554 5250; baseline 0 0"><span class='ocrx_word' id='word_1_453' title='bbox 0 0 1554 5250; x_wconf 95' lang='lat' dir='ltr'><strong> </strong></span> 
     </span>
    </p>
   </div>
  </div>
 </body>
</html>
