3100 5250
445 495 496 566 IN
518 499 682 570 IUVEN.
707 503 807 570 SAT.
831 505 871 568 V.
1167 509 1226 574 175

81 670 327 733 inbbetionssrua.
369 674 538 755 Utmmque
559 677 654 738 firsius
677 680 764 739 docet
788 677 891 738 Heius.
913 678 952 737 ad
972 680 1062 740 ovid.
1085 681 1162 740 Fast
1184 681 1228 746 11,

81 776 142 834 578.
158 769 227 830 634
240 785 274 830 et
287 770 359 831 651.
384 773 484 850 Epith.
498 775 600 855 exiguo
613 788 703 854 auget
715 777 948 846 diminutionem,
970 790 1005 837 ut
1017 778 1069 836 inf.
1085 778 1141 848 XI,
1160 787 1227 838 144.

82 869 166 927 &aa
180 882 288 929 autem
299 869 409 946 seselis
421 891 472 931 eeu
487 873 620 933 funebris
634 875 747 953 duplex
766 887 837 947 erat,
858 876 948 936 altera
972 875 1028 934 diis
1050 875 1179 935 munibus
1197 877 1229 935 in

79 985 161 1042 ¹⁰8⁰,
176 966 278 1026 sstem
290 967 429 1045 proximis
441 979 471 1028 et
484 970 586 1030 uminis
598 984 709 1050 parata,
724 985 756 1034 et
768 973 819 1032 illa
832 973 949 1052 proprie
958 974 1109 1032 dicebatur
1123 967 1228 1031 silicer-

78 1062 169 1132 Μ,
186 1064 258 1126 hieu
270 1065 376 1143 epulan
384 1063 534 1143 suasim
555 1069 639 1146 quod
655 1070 720 1149 jam
740 1070 867 1130 docuere
889 1069 998 1148 Koenig
1017 1070 1054 1130 ed
1077 1070 1155 1128 Pers.
1173 1070 1227 1140 VI,

77 1172 130 1222 33.
160 1177 204 1236 et,
226 1187 299 1246 qnos
316 1168 360 1226 mi
377 1167 518 1240 laudavit,
544 1170 676 1230 Kimhm.
690 1172 804 1232 defun.
819 1173 873 1242 VI,
889 1181 916 1232 5.
931 1195 990 1252 seq.
1010 1173 1090 1251 Lipa
1105 1172 1143 1231 ad
1157 1171 1227 1231 Tae.

78 1264 163 1320 Amr.
183 1263 238 1333 VI,
253 1271 282 1322 ⁵.
302 1264 430 1343 Doering
451 1267 492 1327 ad
515 1267 622 1328 Catuli.
645 1267 730 1341 LIX,
752 1277 781 1330 8.
797 1270 972 1330 Hemeterh.
993 1270 1031 1328 nd
1052 1271 1172 1330 Lucian.
1190 1269 1229 1328 de

81 1363 243 1442 contempl.
257 1385 285 1424 c.
299 1373 350 1426 22.

120 1461 162 1522 86
174 1483 237 1541 oeq.
259 1465 347 1522 Cont'.
362 1465 470 1528 Horat
485 1467 544 1528 Sat
561 1467 602 1540 11,
619 1477 648 1540 2,
663 1477 703 1541 ⁵9
717 1491 777 1550 seq.
792 1479 821 1542 3,
840 1480 906 1532 125.
921 1480 950 1544 4,
966 1479 1013 1532 60.
1095 1473 1162 1552 Ipse
1176 1494 1227 1552 pa·

83 1578 198 1624 tronus.
296 1567 462 1645 Venafrano
485 1569 558 1641 oleo,
583 1571 664 1650 quod
686 1575 832 1653 optimum
852 1588 923 1644 erat,
948 1595 985 1635 ax
1006 1595 1077 1653 agro
1097 1574 1227 1646 Venafri,

85 1681 159 1738 opp.
172 1663 345 1741 Campmiae.
359 1685 390 1721 ν.
406 1667 480 1726 Plio.
495 1669 562 1740 XV,
576 1677 605 1728 2.
618 1705 661 1718 -
673 1679 723 1738 07.
739 1673 786 1732 Ne
796 1673 846 1732 libi
855 1673 993 1752 pallentes
1001 1682 1126 1732 moueant
1134 1674 1227 1752 suati-

86 1765 137 1820 din
164 1764 264 1835 mles,
292 1766 416 1826 Nitrata
443 1771 542 1829 uiridia
568 1772 696 1833 brassica
712 1777 775 1852 fiol
796 1783 877 1856 'aqua
907 1775 1032 1835 Murtial.
1061 1775 1150 1846 XIII,
1182 1785 1227 1842 17.

89 1860 219 1919 Pallidus
230 1862 332 1933 caulis,
353 1864 536 1938 flacoeaeens,
556 1872 703 1932 morcidus
716 1875 827 1952 quique
844 1873 955 1952 pallido
968 1874 1064 1932 colore
1076 1873 1228 1934 fastidium

89 1959 179 2037 pariat
191 1983 201 2030 3
221 1960 300 2020 Aen.
383 1963 465 2024 olebit
478 1965 623 2039 umnam,
643 1971 749 2042 oleum,
770 1972 857 2050 quale
877 1972 1003 2032 lucernis
1017 1972 1133 2032 infundi
1147 1971 1228 2032 solet.

90 2060 173 2120 conf.
187 2059 294 2121 Horat
310 2065 371 2124 Sat.
386 2065 413 2133 l,
428 2064 457 2135 6,
477 2073 543 2126 124.
586 2075 679 2152 uirga
690 2069 783 2143 iussu,
804 2073 834 2132 h.
848 2095 873 2132 e.
893 2073 991 2133 oleum
1009 2084 1153 2134 vetustate
1166 2094 1229 2135 cor·

89 2175 213 2240 ruptum
224 2177 256 2222 et
267 2167 433 2239 rancidum,
446 2167 519 2228 louis
531 2169 616 2229 simil.
631 2173 707 2234 dixit
720 2174 869 2254 Theopbr.
884 2176 970 2236 Char.
986 2175 1041 2243 XI,
1057 2184 1084 2234 4.
1098 2188 1128 2234 et
1141 2175 1229 2244 XIX,

93 2271 124 2321 8.
137 2265 177 2323 ed
189 2285 258 2342 quie
269 2268 308 2326 ef.
320 2269 445 2330 canub.
466 2270 491 2328 1²
491 2272 628 2332 urnabius
638 2273 849 2353 suspieabatur‚
859 2287 976 2353 poetam
987 2277 1147 2353 respexisse
1156 2275 1230 2334 illud

92 2369 126 2426 in
142 2368 369 2430 Danombenem
377 2372 534 2449 jactatum,
547 2379 587 2432 alr
599 2373 692 2456 λῦχνω
705 2375 765 2458 ὄζει.
811 2383 850 2436 08
866 2397 926 2455 aeq.
941 2376 1123 2456 Designatur
1135 2377 1232 2436 oleum

91 2468 287 2528 Numidicum
301 2471 348 2530 tel
359 2473 479 2543 Afrum,
493 2484 546 2533 aut
557 2475 743 2546 sesaminum,
766 2478 809 2554 (v.
825 2475 922 2535 Hurd.
935 2476 974 2534 ud
988 2475 1063 2536 Plin.
1078 2477 1146 2546 XV,
1161 2484 1189 2534 2.
1203 2487 1233 2536 et

93 2573 136 2650 7.)
155 2574 237 2652 qnod
257 2574 334 2634 adeo
351 2575 462 2645 foeteat,
483 2588 518 2637 ut
537 2597 624 2639 nemo
637 2597 706 2638 eum
719 2577 866 2639 Booelsore
879 2579 908 2637 h.
922 2599 947 2639 e.
961 2579 1044 2639 Afris
1057 2599 1092 2639 eo
1106 2579 1233 2640 inunctis

94 2674 234 2733 sustinent
245 2676 353 2747 heere,
372 2696 470 2756 neque
484 2678 531 2737 bis
543 2692 669 2741 nossent
681 2692 840 2759 serpentes,
862 2681 913 2759 qui
927 2681 990 2760 ejus
1004 2680 1232 2759 graveolentiam

93 2770 245 2831 ferrenon
256 2776 377 2851 possint.
419 2789 421 2792 ·
458 2775 564 2836 Alveoli
583 2797 652 2837 vara
672 2796 810 2849 meave,
832 2776 938 2845 huces
960 2789 1012 2836 aut
1032 2776 1130 2845 cauni,
1154 2777 1233 2836 Gall.

93 2870 240 2929 marites.
321 2872 395 2933 illud
412 2893 452 2933 su.
466 2872 574 2945 oleum,
594 2874 668 2954 quad
686 2894 779 2933 curua
800 2874 987 2953 Micipsarum
1008 2874 1141 2943 mbvaait,
1162 2874 1193 2931 h.
1207 2894 1232 2933 e.

92 2968 168 3045 quod
188 2989 227 3028 ax
248 2969 394 3030 Numidis
413 2971 571 3031 edredum
589 2984 635 3033 est
649 2972 782 3033 Romam.
865 2970 965 3031 Cannu
979 2972 1095 3050 cymba,
1108 2970 1233 3041 lembus,

92 3088 125 3128 ex
135 3070 286 3129 nundine
299 3084 353 3131 ant
365 3092 459 3132 muna
471 3074 630 3135 uenimus
661 3074 706 3131 ct
723 3072 797 3131 Plin.
813 3072 885 3143 VII,
899 3081 927 3132 2.
951 3072 1017 3149 (ubi
1032 3092 1059 3130 v.
1076 3072 1186 3151 Hand)
1205 3084 1235 3131 et

93 3173 135 3233 ⁵6.
145 3212 187 3225 -
201 3174 407 3254 Micipsarum,
422 3177 641 3239 Numidarum:
665 3196 734 3235 nam
754 3175 878 3254 Micipsa
893 3196 945 3235 rex
964 3175 1122 3243 Numidisa,
1145 3175 1235 3235 Masi·

92 3272 173 3331 uuaz
193 3273 285 3342 filius,
310 3259 368 3352 qui'
388 3274 515 3333 moriens
533 3292 660 3352 regnum
683 3271 803 3351 reliquit
826 3270 989 3331 Adherbali
1009 3282 1039 3330 et
1060 3270 1234 3349 Hiempsali,

92 3368 157 3427 filiis
176 3371 248 3439 suis,
270 3381 302 3429 et
315 3368 474 3448 iugurthae
494 3369 592 3430 fratria
604 3368 673 3429 lilio.
729 3375 779 3437 90.
794 3376 842 3438 91.
865 3368 949 3427 Cous.
971 3368 1093 3427 Excurs.
1114 3368 1152 3426 ad
1171 3368 1200 3425 h.
1215 3368 1234 3427 l.

93 3464 225 3524 Boeelor
237 3487 291 3527 rex
309 3466 468 3526 Numidia.
491 3488 519 3526 v.
533 3467 599 3525 Liv.
613 3466 731 3536 XXIX,
748 3472 798 3525 30.
839 3462 926 3525 Alius
939 3464 996 3523 fuit
1009 3464 1070 3523 dux
1085 3464 1235 3545 Syphacis.

96 3562 166 3621 Lis.
180 3563 298 3635 xxix,
312 3572 362 3624 31.
376 3572 425 3625 32.

139 3671 273 3733 92-98.
291 3666 423 3727 Patronis
435 3665 541 3745 optimi
554 3666 732 3745 maximique
746 3666 841 3745 pisees
854 3676 1053 3744 apponuntur,
1073 3679 1104 3725 et
1117 3668 1237 3746 quidem

92 3783 136 3822 ex
150 3764 305 3841 provinciis
316 3778 348 3823 et
360 3763 434 3823 mari
448 3763 549 3824 Siculo
559 3763 607 3823 vel
620 3764 783 3843 longinquo
796 3764 891 3842 petiti,
906 3764 1045 3842 quoniam
1063 3764 1238 3842 Tyrrhenum

91 3886 190 3937 mare,
215 3866 305 3925 Italiae
327 3868 506 3946 proximum,
532 3888 550 3926 u
569 3866 680 3945 gulosis
702 3865 841 3925 Romanis
859 3865 922 3943 jam
943 3865 977 3923 iis
998 3865 1171 3925 exhaustum
1186 3877 1237 3925 est.

89 3966 183 4024 Confi
197 3966 328 4024 macrob.
343 3966 403 4024 Sat.
419 3966 463 4038 II,
480 3974 526 4024 11.
542 3965 616 4023 Plin.
631 3965 688 4033 IX,
706 3970 751 4022 18.
766 3984 789 4021 a
801 3970 849 4022 32.
864 3974 894 4021 et
907 3983 970 4042 sup.
986 3964 1023 4023 sd
1039 3964 1093 4033 1v,
1111 3970 1167 4021 140
1179 3983 1238 4041 seq.

89 4067 206 4129 Mullus
218 4068 347 4139 Domini,
365 4088 394 4127 v.
409 4070 447 4128 ad
463 4069 488 4140 I,
508 4067 574 4131 136.
587 4079 619 4128 et
632 4068 686 4139 IV,
703 4075 750 4126 15.
835 4065 950 4125 Corsico
963 4079 993 4125 et
1011 4066 1141 4125 Taurum.
1156 4086 1240 4148 rupes

87 4188 148 4246 pro
165 4168 244 4225 mari
267 4166 376 4228 siculo.
462 4166 675 4228 Tauromenium
696 4187 718 4225 s.
742 4164 964 4233 Taurominium,
989 4164 1029 4239 (v.
1053 4164 1121 4222 Ver.
1141 4163 1238 4242 Leot.)

88 4265 161 4323 uod
191 4264 357 4333 Tuomiun,
381 4285 450 4343 opp.
472 4265 504 4323 in
523 4264 656 4325 orientali
670 4285 721 4324 ora
735 4262 851 4333 Siciliae,
872 4262 911 4321 ad
926 4261 1071 4339 Euripum
1092 4261 1190 4341 (Golso
1209 4262 1240 4321 di

94 4365 266 4435 Taormiuu,
283 4366 358 4423 Plin.
376 4365 417 4435 11,
432 4370 496 4446 97.)
514 4368 589 4428 etin
603 4368 703 4427 Tauro
716 4379 814 4428 monte
830 4364 923 4444 (unde
936 4364 1120 4443 ejusuomen
1133 4381 1162 4425 et
1175 4367 1205 4427 h.
1220 4367 1239 4424 l.
