3100 5250
309 477 351 535 os
680 471 1074 559 pouuuununius

306 643 411 723 plicuit
423 643 510 704 etiam
526 643 701 719 Heineclsio,
722 650 770 709 cui
784 662 884 711 nmen
902 670 977 720 mea,
999 646 1161 728 (antiquior
1177 645 1238 716 illa,
1260 664 1329 724 quse
1347 646 1450 705 omnis

305 742 424 821 quidem
438 738 589 802 tribuebat
600 758 703 823 poete,
717 766 777 805 nou
792 767 863 806 vero
875 747 915 807 sd
927 748 1038 826 priscos
1051 745 1197 805 referebst
1217 744 1381 823 Romanos)
1403 742 1451 802 vi·

304 840 392 901 detur
404 839 498 899 multo
511 842 604 920 pejor.
646 845 796 903 Audiatur
810 845 908 924 itaque
921 857 1042 904 octavio
1060 843 1235 923 sepientum,
1256 840 1343 920 cujus
1356 842 1451 903 verbs

304 956 373 1003 suut
385 943 467 1003 heca
489 953 508 981 “
523 945 641 1004 Mecum
656 946 698 1006 sic
711 947 890 1027 interpuuge
902 958 933 1007 et
946 945 1076 1026 explica:

583 1107 679 1164 Nudus
692 1127 759 1181 agas
795 1109 886 1165 Μιιιιιι
897 1120 937 1165 est
949 1109 1049 1165 insania
1060 1108 1166 1181 turpis?

583 1200 627 1256 Eu
638 1201 765 1271 habitum,
777 1221 831 1275 quo
843 1214 871 1257 te
883 1203 952 1274 leges
960 1199 1104 1255 -aratris

585 1290 681 1358 Quid?
700 1311 754 1347 non
767 1294 924 1367 proclames,
937 1292 965 1347 in
978 1308 1089 1363 corpore
1100 1297 1150 1345 cet.

301 1459 320 1519 i.
334 1480 360 1520 e.
383 1471 417 1521 tu
441 1462 539 1541 potius
558 1463 657 1525 nudus
680 1484 736 1545 age
756 1481 873 1527 causam
895 1479 986 1525 tuam.
1028 1461 1086 1523 His
1105 1462 1264 1541 respondet
1290 1462 1444 1524 Creticum:

300 1564 383 1643 Ergo
396 1582 445 1624 me
458 1564 593 1625 insanum
608 1588 670 1628 esse
690 1568 744 1640 vis,
768 1580 859 1648 atque
877 1568 935 1628 hoc
953 1567 1052 1626 minus
1070 1576 1158 1644 turpe
1171 1576 1266 1644 putes
1308 1564 1446 1627 Profecto

299 1664 350 1723 tali
364 1663 467 1727 habitu
481 1686 529 1727 me
541 1688 628 1729 nemo
640 1668 696 1731 bac
708 1681 882 1750 tempestate
889 1670 992 1731 audire
1001 1668 1176 1740 sustineret3
1191 1666 1216 1729 si
1229 1688 1328 1728 coram
1338 1670 1446 1749 priscis

219 1820 226 1843 ,
298 1766 357 1827 illis
371 1787 499 1846 agerem,
523 1770 575 1849 qui
598 1771 704 1850 saepius
725 1772 755 1830 iu
774 1772 873 1833 iorum
896 1773 935 1833 ad
955 1790 1056 1833 causas
1079 1770 1239 1831 sudieudss
1262 1771 1345 1833 usne
1364 1772 1446 1832 nodo

299 1863 416 1923 vernes
429 1864 448 1922 i.
463 1884 489 1925 e.
503 1865 660 1927 redeuntes
680 1888 717 1927 ex
737 1888 849 1948 pugna,
873 1868 925 1930 ubi
948 1868 1071 1929 victores
1093 1867 1219 1937 fueraut,
1243 1868 1446 1947 (notissimum

300 1962 379 2022 euim
398 1974 452 2035 est,
474 1963 559 2025 iuitio
581 1964 705 2025 Romani
727 1966 847 2045 imperii
866 1966 945 2028 bella
967 1967 1075 2047 saepius
1100 1986 1160 2026 uuo
1179 1966 1316 2046 paucisve
1336 1967 1446 2028 diebus

299 2064 380 2125 linita
402 2086 473 2136 esse,
495 2066 683 2147 populusque
704 2068 797 2147 igitur
815 2068 847 2128 in
867 2069 965 2129 iorum
984 2069 1055 2140 ubst,
1080 2068 1132 2128 ubi
1151 2067 1240 2147 paulo
1262 2080 1339 2138 aute,
1361 2068 1449 2129 modo

299 2168 386 2228 uictor
400 2169 511 2230 exstitit
524 2171 685 2230 vulneribus
697 2171 796 2232 sidhuc
815 2170 933 2248 mdis)
956 2171 981 2231 si
1001 2190 1099 2230 coram
1113 2168 1169 2230 illis
1182 2178 1212 2229 et
1224 2180 1369 2249 praesente
1389 2168 1446 2229 illo

297 2281 436 2330 montano
449 2270 570 2350 populo,
586 2270 716 2350 (Subiuie
728 2273 832 2333 tenios
852 2294 905 2333 sua
918 2272 1088 2351 disciplina)
1109 2270 1160 2351 qui
1174 2272 1212 2331 ab
1226 2282 1323 2330 nstro
1336 2268 1375 2329 ad
1388 2289 1443 2329 ne·

254 2406 269 2447 0
297 2373 378 2451 gotia
391 2372 489 2433 civilis
501 2376 689 2445 vocabuntur,
704 2376 763 2435 Cic.
779 2375 818 2435 de
832 2396 892 2436 sen.
909 2375 969 2447 16„
983 2375 1115 2435 nodosis
1129 2372 1267 2435 Proculas
1281 2380 1306 2432 et
1321 2372 1443 2432 Pellitos

293 2494 467 2552 perorarem,
492 2494 551 2534 non
572 2496 627 2555 pro
648 2476 750 2536 insano
769 2476 902 2549 haberes,
927 2476 1009 2556 quod
1028 2476 1135 2537 nosnis
1154 2474 1336 2555 temporibus
1355 2494 1441 2534 secius

297 2586 349 2634 est
384 2574 473 2634 Poeta
487 2576 601 2637 Cretico
615 2578 792 2657 respondet:
817 2578 923 2648 unior
941 2599 1013 2660 crgo
1026 2577 1077 2639 tali
1092 2578 1195 2640 babitu
1210 2588 1240 2637 te
1253 2596 1333 2638 uunc
1345 2576 1441 2637 insani

297 2671 424 2750 speciem
444 2693 504 2743 npn
528 2673 704 2736 evitaturum
728 2689 826 2757 putas,
850 2690 882 2738 at
901 2699 954 2737 non
973 2677 1137 2759 proclames,
1160 2697 1258 2736 nonne
1282 2688 1389 2736 terram
1409 2686 1441 2737 et

297 2771 404 2832 colum
424 2793 552 2844 moveas,
575 2775 599 2834 si
620 2797 663 2846 ea,
684 2777 793 2857 quibua
805 2789 838 2839 tu
852 2778 975 2840 indutus
988 2799 1029 2852 es,
1053 2779 1119 2848 ista,
1141 2779 1172 2837 in
1192 2797 1313 2857 corpore
1326 2777 1439 2856 judicis

297 2875 420 2936 videas?
453 2875 702 2955 Significationem
726 2878 806 2940 vocis
831 2881 922 2940 nudus
942 2901 1003 2940 non
1025 2881 1189 2961 urgendum
1216 2899 1278 2940 esse
1298 2890 1380 2956 puto,
1411 2879 1443 2959 si

241 2963 247 2976 ⁹
298 2977 417 3058 quidem
432 2980 523 3039 nudus
543 2969 649 3061 sepius
668 2981 786 3052 dicitur,
810 2983 862 3062 qui
883 2981 972 3043 modo
993 2983 1093 3043 tunice
1117 2981 1240 3043 indutus
1258 2992 1309 3041 est
1349 2981 1439 3040 Conl'.

295 3075 397 3135 Burin.
412 3075 451 3136 ad
467 3077 582 3137 Petron.
597 3097 622 3138 o
637 3085 686 3150 92.
728 3077 843 3138 Tunica
856 3098 927 3138 vero
942 3077 978 3138 ad
993 3078 1151 3139 dicendum
1165 3077 1333 3157 procedere,
1353 3077 1439 3139 nefas

162 3207 171 3224 .
295 3171 467 3244 habebatur,
482 3173 571 3235 etvel
586 3175 617 3234 in
631 3187 699 3254 toga
713 3174 769 3236 rite
784 3176 985 3256 componenda
998 3176 1127 3236 accurati
1141 3187 1225 3235 erant
1239 3174 1354 3234 dicturi.
1388 3175 1439 3234 cf.

296 3273 371 3352 intp.
384 3274 422 3332 sd
440 3275 512 3335 Plin.
525 3279 581 3357 Ep.
598 3276 610 3335 l
615 3277 639 3349 1,
655 3279 702 3338 33·
732 3277 814 3356 Ergo
826 3277 884 3338 hoc
894 3289 938 3338 est
951 3279 1072 3358 sapere!
1094 3277 1171 3336 Mihi
1185 3277 1304 3356 quidem
1318 3286 1349 3335 et
1361 3274 1437 3346 hec,

296 3395 381 3454 poene
395 3378 500 3448 omnia,
519 3391 550 3440 et
563 3400 607 3450 ea,
633 3400 699 3459 quse
720 3390 822 3440 contra
835 3399 883 3438 me
896 3379 1059 3459 disputavit
1072 3379 1118 3439 vir
1132 3379 1246 3449 doctus,
1270 3361 1377 3437 mult'ss
1394 3379 1438 3438 ob

296 3493 405 3545 ceusu,
429 3496 506 3555 ⁴quas
529 3497 690 3538 memorare
716 3477 790 3538 nilul
813 3478 927 3549 attinet,
955 3497 1015 3538 non
1035 3460 1135 3538 minus
1156 3479 1266 3538 absona
1287 3476 1437 3548 videntur,

296 3591 383 3650 quam
398 3569 441 3629 illi
455 3591 529 3643 mea,
550 3571 708 3653 licebitque
722 3575 749 3634 ei
763 3594 904 3655 reponere
923 3573 1010 3644 idem,
1032 3572 1114 3653 quod
1133 3571 1207 3632 mihi
1219 3571 1311 3632 dixit:
1333 3571 1365 3631 si
1377 3573 1438 3632 Ju-

295 3672 405 3734 venalis
418 3673 482 3733 brec
495 3685 525 3733 et
539 3673 659 3736 dixisset
672 3687 702 3736 et
715 3677 756 3738 ite
768 3675 966 3756 expressisset,
983 3676 1087 3755 quovis
1106 3675 1201 3735 tirone
1220 3676 1306 3755 pejus
1325 3673 1438 3733 bulbu-

293 3770 370 3833 tiret.
399 3770 552 3833 *iudicent
572 3771 656 3833 nobis
675 3775 838 3835 acutiores!
880 3781 927 3841 72.
949 3775 995 3833 En
1009 3773 1142 3846 labium,
1162 3793 1260 3832 amara
1274 3771 1378 3843 irrisio,
1400 3784 1439 3833 ut

292 3869 438 3952 ap.⁸Virg.
454 3871 521 3932 AEn.
537 3870 591 3942 lv,
614 3878 681 3941 597.
703 3873 777 3944 ΧΠ,
799 3881 859 3944 359
879 3893 939 3953 seq.
954 3871 1033 3934 etel
1075 3873 1214 3932 Similiter
1236 3872 1312 3931 Eece
1334 3871 1437 3930 dm

296 3976 447 4056 Crispinus
459 3975 511 4034 inf.
527 3975 580 4045 IV,
598 3983 623 4034 l.
706 3973 840 4035 Montani
852 3997 874 4037 s
884 3975 997 4058 pagani
1016 3974 1189 4035 dicebantur
1203 3973 1281 4034 cives
1296 3973 1435 4044 Romani,

292 4075 354 4132 ruri
368 4074 441 4134 etin
455 4073 527 4134 locis
546 4071 692 4164 monpanis
716 4070 889 4134 habitantes.
916 4093 944 4132 v.
966 4071 1082 4132 Ernesti
1102 4071 1176 4131 clav.
1192 4071 1252 4130 Cic.
1265 4091 1295 4130 v.
1309 4071 1438 4129 miani

293 4187 322 4234 et
332 4177 451 4256 pagani.
494 4184 542 4244 74.
553 4175 662 4256 peritis,
678 4173 827 4254 depositis,
840 4175 959 4245 relictis,
973 4173 1088 4234 aratris.
1098 4209 1138 4222 -
1150 4179 1198 4240 75.
1215 4172 1293 4242 Quid
1298 4193 1352 4232 son
1364 4192 1436 4251 pro·

292 4275 419 4334 clames?
441 4277 605 4338 Proclames
618 4277 703 4347 forte,
718 4287 752 4335 ut
767 4274 894 4348 Tullius,
918 4275 1089 4358 Otempm,
1106 4275 1254 4336 osores!
1276 4274 1328 4352 (of.
1343 4273 1438 4335 Marc

292 4375 347 4446 IX,
369 4377 432 4453 71.)
455 4377 511 4447 vel,
536 4389 572 4437 ut
585 4376 716 4446 Plautus,
745 4373 841 4447 More,
866 4383 953 4447 taso,
977 4377 1082 4447 cans,
1108 4375 1164 4435 Dii
1184 4383 1304 4434 nostrum
1314 4373 1436 4452 fideus!

288 4481 401 4558 Grang.
423 4479 518 4538 etad
534 4500 561 4538 v.
575 4487 624 4540 25.
