3100 5250
285 498 345 560 116
657 481 1052 553 COMMENTARIUS

284 682 342 739 que
355 677 439 720 suam
457 659 605 727 tuebatur,
626 657 688 718 scil.
709 656 950 729 dissimulatione,
974 653 1182 724 taciturnitate,
1205 653 1375 714 adulatirme
1395 665 1426 714 et

283 756 434 838 obsequio,
448 755 498 816 itta
511 775 617 836 quoque
630 755 659 814 iu
673 755 753 827 aulo,
767 756 798 812 iu
814 754 865 814 uli
879 775 901 814 s.
922 765 982 814 tam
1005 771 1082 812 saevs
1102 751 1179 820 aula,
1203 751 1234 810 in
1256 761 1319 831 qus'
1336 771 1426 812 nemo

283 871 366 922 tutus
381 871 452 928 erat,
467 859 497 918 h.
512 880 537 919 e.
559 859 614 918 sub
634 857 759 937 imperio
779 855 951 926 Domitiani,
974 867 1034 916 tam
1056 853 1184 915 erudelis
1205 856 1333 934 tyranni,
1356 875 1425 933 reg-

283 978 372 1028 nante
384 965 436 1026 tali
458 963 603 1042 Principe.
686 963 841 1022 Solstitiam
867 981 981 1040 semper
1004 961 1066 1020 fers
1090 961 1227 1022 oeetivum
1249 962 1366 1031 dicitur,
1387 975 1424 1020 ut

283 1065 440 1125 hibernum
454 1063 563 1133 burso,
577 1071 609 1122 et
620 1059 691 1120 hinc
704 1059 752 1120 vel
765 1063 890 1129 brumae,
904 1060 953 1120 vel
965 1081 984 1119 a
996 1059 1102 1138 poetis,
1123 1071 1159 1120 ut
1180 1079 1284 1140 synon.
1305 1060 1423 1130 oesmtis,

284 1167 384 1247 hyemi
398 1165 565 1246 opponitur.
607 1164 655 1225 cf.
669 1163 755 1243 Virg.
769 1163 826 1224 Ga.
841 1163 866 1234 1,
883 1169 950 1222 100.
964 1163 1066 1242 ibique
1080 1181 1108 1221 v.
1124 1163 1241 1241 Heyne,
1256 1173 1287 1222 et
1305 1162 1424 1221 Ernesti

284 1269 366 1330 Clau.
379 1270 440 1329 Cio.
454 1303 496 1316 -
508 1275 557 1339 93.
572 1273 621 1337 94.
641 1265 759 1337 Acilius,
781 1267 833 1345 qui
856 1265 988 1346 qiusdem,
1013 1265 1099 1345 cujus
1122 1265 1256 1344 Crispus,
1278 1276 1341 1326 erst
1360 1266 1424 1336 oevi,

283 1376 387 1445 aetatis,
409 1371 543 1451 (LXXX
556 1373 715 1451 annorum)
732 1371 887 1451 proximus,
901 1370 1035 1450 proxime
1048 1380 1115 1450 post
1128 1370 1275 1450 Crispum,
1286 1391 1424 1450 propera·

284 1478 332 1538 tar
354 1476 393 1536 ud
416 1475 630 1546 Domitianum,
656 1474 745 1553 (utu.
761 1473 824 1552 76.)
850 1493 911 1533 oum
922 1474 1039 1553 juvene,
1061 1471 1122 1533 lilio
1147 1492 1201 1532 suo
1226 1472 1365 1544 Domitio,
1386 1485 1424 1534 ut

284 1579 376 1658 vulgo
387 1587 502 1658 putant
513 1576 538 1616 ⁹⁵
581 1575 642 1636 llic
657 1575 774 1646 Aoilias,
789 1575 820 1634 ni
840 1575 938 1647 fallor,
959 1577 1107 1656 estspater
1132 1574 1221 1636 Acilii
1246 1575 1424 1646 Glabrionis,

275 1675 393 1757 juveris
405 1674 555 1736 clarissimi
569 1684 600 1734 et
612 1674 771 1734 virtutibus
785 1673 970 1744 ornatissimi,
985 1674 1038 1754 qui
1052 1673 1107 1734 sub
1121 1673 1291 1735 Domitiano
1311 1671 1426 1752 collega

285 1779 406 1860 Trsjani
430 1777 460 1838 in
487 1777 640 1838 oonsulstu
660 1777 719 1836 fuit
739 1789 780 1849 et,
802 1787 837 1836 ut
857 1776 975 1856 tyrsnni
999 1776 1140 1836 saevitiam
1164 1775 1315 1854 effugeret,
1338 1773 1426 1834 Bruti

284 1876 428 1957 exeurplo,
442 1875 633 1937 stoliditatem
646 1873 798 1936 simulasse
810 1886 841 1934 et
854 1874 932 1934 hano
945 1893 1064 1955 quoque
1077 1875 1116 1933 ob
1136 1894 1251 1934 cauum
1273 1873 1320 1934 rel
1338 1875 1423 1954 jussu

284 1981 403 2062 tyranni
417 1999 486 2041 oum
500 1979 585 2039 leone
605 1997 754 2058 pugnasse
778 1977 914 2048 traditur,
940 1977 992 2037 sed
1013 1977 1054 2038 its
1076 1978 1175 2057 potius
1196 1989 1320 2038 mortem
1342 1999 1424 2038 susm

146 2093 152 2104 ·
284 2079 443 2142 maturavit
455 2090 485 2138 et
498 2077 604 2158 quinto
616 2088 684 2156 post
703 2075 888 2137 oonsulatum
908 2095 985 2135 suno
1003 2075 1090 2156 jussu
1111 2075 1282 2148 Domitiani,
1303 2089 1423 2156 propter

284 2184 392 2244 invisus
405 2183 433 2243 ei
448 2181 579 2262 oorporis
601 2181 751 2261 animique
763 2181 850 2252 vires,
865 2179 896 2238 in
910 2179 1012 2239 exsilio
1031 2179 1143 2240 oooisus
1163 2191 1215 2239 est
1256 2173 1424 2239 Confi'Dio

285 2284 363 2344 cass
378 2281 510 2352 LXVII,
527 2288 574 2340 13.
588 2291 619 2340 et
633 2280 716 2340 Suet.
737 2281 827 2340 Dom.
845 2287 890 2339 10.
934 2277 995 2339 Hie
1007 2279 1106 2358 itaque
1119 2279 1233 2340 Acilius
1248 2277 1370 2338 Glabrio
1380 2289 1426 2338 eet

275 2381 403 2462 juvenis,
417 2379 560 2460 indiguus,
575 2399 654 2459 quem
668 2399 743 2438 mors
756 2387 814 2438 lom
827 2397 902 2438 soeoa
916 2377 947 2437 in
961 2375 1063 2437 exsilio
1077 2385 1208 2447 mamre,
1223 2387 1249 2436 et
1270 2387 1327 2436 tans
1334 2377 1426 2457 fisti-

286 2491 364 2554 natu,
379 2492 533 2548 maturata.
555 2479 586 2537 in
606 2479 678 2538 flore
699 2479 803 2549 utatis,
825 2477 933 2558 gladiis
954 2477 1079 2548 Domini,
1102 2477 1274 2550 Domitiani,
1297 2479 1426 2558 tyranni,
1528 2470 1529 2490 ¹

285 2583 338 2664 qui
352 2583 494 2645 Dominus
506 2593 536 2641 et
550 2581 632 2640 Deus
644 2579 786 2660 appellari
810 2581 921 2642 solebat
941 2581 1124 2661 volebatque,
1146 2581 1184 2644 de
1204 2603 1265 2662 quo
1284 2603 1312 2642 v.
1338 2583 1376 2643 sd
1398 2604 1426 2643 v.

287 2690 334 2750 71.
376 2680 422 2739 cf.
436 2678 505 2737 Var.
521 2679 615 2739 Lecto
658 2679 766 2740 Vixere
779 2680 868 2739 etism
882 2680 940 2739 illis
956 2682 1137 2761 temporibus
1158 2681 1256 2761 plures
1276 2682 1375 2755 Acilii,
1397 2704 1427 2743 v.

285 2805 311 2844 c.
327 2781 442 2846 Acilius
456 2781 553 2842 Rufus
573 2781 751 2856 Consularis,
776 2784 819 2861 (v.
841 2782 916 2845 Plin.
939 2784 996 2864 Ep.
1019 2784 1056 2856 V,
1081 2792 1126 2845 13.
1151 2794 1182 2844 et
1202 2787 1265 2864 20.)
1308 2785 1427 2847 Acilius

285 2880 506 2943 Aviolaetalii.
548 2881 607 2940 Sed
620 2881 659 2940 de
672 2880 732 2951 illo,
753 2882 873 2961 dequo
896 2882 968 2954 dixi,
992 2902 1088 2944 sermo
1109 2904 1172 2943 esse
1195 2884 1317 2954 videtur,
1339 2894 1370 2944 et
1391 2884 1425 2943 in

283 2997 373 3067 genta
386 2986 483 3047 Acilia
496 2983 647 3045 clarissimi
659 2985 743 3044 fuere
757 2985 933 3047 Glabriones
946 2986 1015 3047 inde
1028 3008 1045 3046 a
1065 2987 1245 3066 temporibus
1265 2988 1315 3045 Μ’.
1331 2986 1425 3046 Acilii

286 3086 463 3157 Glabrionis,
478 3084 529 3163 qui
544 3086 657 3145 Praetor
668 3083 727 3143 fuit
739 3105 765 3143 s.
780 3085 818 3144 U.
833 3086 866 3143 C.
880 3085 994 3146 DLVI.
1008 3098 1038 3147 et
1052 3086 1163 3145 Consul
1175 3106 1200 3146 a
1212 3084 1364 3144 LXll.-
1375 3084 1427 3154 96.

284 3190 358 3261 olim,
369 3192 431 3269 Jum
442 3188 504 3260 (liu,
514 3188 577 3268 jum
591 3187 715 3258 dudum,
731 3199 764 3247 ut
779 3187 834 3259 VI,
850 3187 919 3249 346.
940 3200 970 3249 et
989 3188 1026 3249 sl.
1040 3225 1081 3239 -
1094 3198 1145 3260 97.
1166 3192 1288 3252 Perraro
1313 3187 1427 3249 nobiles

233 3286 236 3290 ’
284 3298 462 3347 senectutem
476 3286 679 3366 adipiscuntur
691 3286 882 3365 regnantibus
903 3288 1044 3366 tyrannis,
1067 3288 1119 3367 qui
1140 3310 1189 3348 eos
1213 3288 1298 3349 bonis
1318 3308 1427 3347 exuere

285 3396 315 3445 et
327 3385 495 3445 interimere
518 3385 621 3445 solent.
662 3392 710 3455 98.
720 3384 903 3463 fraterculus
921 3385 1078 3465 gigantum,
1101 3386 1248 3466 ignobilis,
1273 3388 1426 3455 obscurus,

286 3499 321 3549 ut
333 3490 451 3569 γηιιὴς,
466 3489 509 3547 ein
523 3488 685 3557 erasurum,
707 3496 791 3548 lerroe
800 3487 897 3566 filius,
918 3490 1068 3569 progenies
1087 3497 1170 3550 lerroe
1189 3502 1220 3550 et
1239 3498 1319 3549 terro
1339 3498 1427 3560 ortus,

199 3666 203 3677 Ι
285 3589 623 3660 ctosdntt1‚1s.et
641 3590 680 3648 sd
700 3590 770 3650 Div.
785 3590 857 3661 Vll,
873 3598 921 3661 93.
941 3590 1020 3651 Pers.
1035 3591 1089 3661 Vl,
1106 3598 1152 3659 57.
1168 3600 1216 3663 ⁵9·
1238 3594 1357 3653 Patron.
1379 3600 1428 3653 43.

288 3690 430 3765 Quinctil.
455 3689 514 3758 111,
537 3696 565 3755 ’1.
586 3699 659 3748 extr.
702 3690 788 3751 conf.
803 3690 854 3750 inf.
870 3690 959 3763 v111,
975 3698 1023 3750 44.
1039 3698 1087 3751 45.
1130 3693 1176 3752 lts
1200 3692 1258 3752 dici
1283 3694 1428 3764 solebant,

287 3816 413 3876 quorum
427 3812 522 3873 genus
542 3790 747 3870 ignorabatur:
767 3795 853 3874 cujus
877 3792 1012 3855 dictionis
1035 3797 1110 3855 ratio
1133 3796 1225 3875 vulgo
1245 3797 1391 3875 repetitur
1412 3819 1430 3855 s

288 3899 435 3959 veteribus
447 3896 639 3977 philosophis,
653 3896 834 3975 Empedocle
847 3908 878 3957 et
890 3898 962 3968 aliis,
976 3898 1030 3978 qui
1042 3898 1152 3978 primos
1172 3900 1305 3961 homines
1318 3922 1336 3960 e
1350 3912 1430 3961 terra

285 4010 369 4063 natos
382 3997 550 4058 madebant.
587 3994 677 4055 conf.
690 4009 790 4057 tamen
804 3997 873 4057 Var-
888 3998 970 4060 Lect
1007 4022 1011 4028 ·

328 4104 369 4165 99
383 4115 442 4174 seq.
459 4094 505 4153 ef.
518 4093 557 4153 ad
570 4112 599 4151 v.
612 4101 654 4164 94
667 4114 728 4172 seq.
810 4096 909 4155 misero
918 4098 1031 4178 juveni,
1043 4099 1140 4160 Acilio
1150 4100 1313 4171 Glabrioni,
1328 4101 1380 4179 qui
1397 4100 1428 4157 in

319 4294 338 4324 ¹⁸
354 4299 373 4323 ‘⁸
384 4292 469 4356 blojus
477 4310 555 4357 quum
565 4294 642 4344 fllium
649 4296 763 4359 juvenem
773 4295 840 4343 Nero
873 4296 957 4356 filiurn,
969 4299 1000 4348 de
1010 4301 1079 4366 eujus
1090 4310 1165 4349 mons
1180 4316 1201 4347 v.
1217 4302 1283 4349 Suet.
1295 4300 1372 4349 Dour.
1389 4308 1430 4354 10.

287 4356 411 4410 occiderat.
434 4358 513 4419 ipsum
539 4360 645 4413 Acilium
667 4361 774 4419 semovit,
797 4362 839 4425 qui
874 4363 908 4411 Et
929 4376 988 4427 quot
1009 4382 1057 4414 non
1080 4366 1120 4413 alii
1141 4366 1174 4415 irs
1195 4365 1297 4431 intolligi
1318 4382 1429 4429 possunt,

286 4438 367 4484 poerm
379 4421 670 4483 semirerorbitatis,”vat
684 4427 761 4474 Scirol.
790 4426 838 4473 Alii
871 4444 946 4491 quum
969 4430 1122 4481 Domitianus
1142 4442 1177 4481 tot
1198 4432 1259 4479 viros
1277 4432 1430 4497 jurrnesqus
1526 4454 1527 4457 ¹

278 4492 394 4549 juvenem
414 4486 550 4537 existimant
570 4506 621 4540 esso
638 4495 742 4542 Hrlvirlir'
764 4492 839 4541 Prisci
871 4493 1007 4543 interemit?
