3100 5250
467 414 518 479 IN
541 414 705 482 JUVEN.
731 415 831 482 SAT.
857 418 901 480 X.
1195 426 1259 483 427

111 587 194 648 amici
211 587 312 668 Sejani
320 610 330 660 3
352 579 426 648 ¹Acir.
469 589 524 648 Nil
537 589 632 649 ionem
646 590 757 653 sactum
772 604 861 653 estet
874 593 1035 672 cognitum,
1055 613 1121 671 quae
1135 593 1165 652 in
1175 594 1257 674 judi-

90 683 153 750 'cio
167 690 288 770 capitali
308 691 371 751 fieri
390 712 425 752 sc
445 693 581 772 cognosci
601 705 631 755 et
648 695 741 756 solent
754 706 785 756 et
798 696 916 756 debent
1005 695 1127 756 Verona
1140 709 1256 758 tentum

107 798 131 850 et
142 790 267 870 grmsdir
280 787 396 870 epistola
414 789 525 852 Tiberii
539 791 621 862 uenit,
635 793 667 852 in
677 814 736 873 qus
746 796 772 854 is
785 795 925 856 multode
937 795 1002 854 uliis
1017 796 1105 855 rebus
1119 806 1150 854 et
1162 816 1257 874 penos

107 889 145 952 de
159 890 279 970 Sejano,
292 889 366 948 nihil
379 911 451 950 vero
460 903 561 972 operte
574 894 612 953 de
626 893 815 955 damnatione
833 896 898 975 ejus
913 895 1076 975 scripserat,
1092 895 1203 955 veritus
1218 916 1256 957 ne

107 995 151 1054 ito
163 983 310 1056 tumuitus
323 995 527 1057 concitaretur.
570 997 699 1058 Nervius
714 999 860 1059 Sertorius
871 997 982 1071 Macro,
993 998 1045 1078 qui
1058 1021 1076 1058 a
1090 998 1212 1060 Tiberio
1225 1000 1256 1058 in

108 1094 214 1154 locum
229 1095 330 1174 Sejsni,
344 1096 477 1175 praefecti
491 1097 637 1175 pretorio,
659 1098 836 1164 substitutus
856 1090 890 1158 et'
906 1117 975 1158 cum
995 1099 1042 1157 his
1055 1098 1145 1158 literis
1158 1098 1197 1158 sd
1213 1119 1258 1160 ss·

108 1205 217 1252 notum
242 1195 344 1256 missus
368 1207 440 1267 eret,
464 1215 563 1256 veram
587 1197 777 1276 Imperatoris
795 1209 924 1257 mentem
938 1218 973 1257 oc
988 1179 1167 1258 voluntatem
1181 1197 1257 1258 clem

107 1292 317 1356 declaraverat.
337 1315 366 1353 v.
389 1297 469 1357 Suet.
491 1297 558 1355 Tib.
580 1316 604 1357 c.
626 1295 676 1357 65.
699 1309 730 1356 et
751 1296 812 1356 Dio
832 1297 951 1368 Lvltl,
967 1303 1055 1357 4-8.
1139 1297 1258 1378 Capreo

110 1393 193 1470 (hod.
211 1395 316 1475 Copti)
332 1395 386 1456 ins.
399 1395 439 1454 ad
453 1395 550 1456 sinum
564 1395 710 1476 Neapolit.
725 1409 755 1457 et
770 1397 906 1456 Sirenum
921 1397 1065 1476 scopulos,
1084 1417 1120 1456 ex
1134 1397 1257 1458 adverso

109 1497 256 1567 Surrenti,
270 1499 322 1560 ubi
337 1499 407 1560 vilis
420 1499 478 1560 tuit
490 1501 575 1561 Jovis
588 1511 619 1560 et
633 1519 687 1560 arx
697 1500 819 1570 Tiberii,
831 1500 893 1579 qui,
907 1499 1010 1560 relicto
1026 1501 1126 1558 Rome
1141 1499 1256 1578 Sejano,

153 1701 194 1760 ts
207 1713 267 1774 seq.
280 1695 358 1755 Bene
371 1695 452 1756 iubet
465 1733 506 1747 -·
520 1697 611 1768 Remi,
633 1697 723 1759 verbo
745 1698 819 1778 ejus,
841 1698 892 1778 qui
907 1686 1024 1757 oausam
1039 1697 1257 1758 condemnatio-

107 1797 153 1855 nis
166 1817 346 1876 cognoscere
359 1801 505 1880 cupiebat.
548 1802 626 1862 Bene
639 1823 670 1863 se
684 1801 766 1862 habet
782 1822 839 1872 res,
860 1806 953 1869 καλῶς
972 1800 1038 1882 ἔχει,
1056 1802 1119 1881 jem
1140 1818 1257 1860 omnem

105 1915 165 1956 rem
183 1909 275 1958 teneo
285 1919 320 1960 oc
333 1902 437 1978 probo,
453 1899 554 1958 Germ.
569 1900 661 1959 molti!
674 1910 727 1980 gut
737 1905 749 1958 !
792 1901 933 1960 Formulo
945 1899 1121 1979 gratulantis
1135 1899 1191 1959 sibi
1205 1909 1258 1958 aut

105 1995 164 2055 cifis
191 1996 231 2056 de
254 1999 332 2058 bono
352 1998 395 2056 rei
415 2011 533 2066 eventu,
555 1998 602 2058 vel
620 2017 684 2057 rem
703 1999 856 2078 probantis
876 2010 906 2058 et
927 2000 1065 2068 contenti,
1087 2010 1120 2058 ut
1133 2019 1180 2078 op.
1196 1999 1258 2058 Cic.

108 2100 187 2159 Mur.
202 2099 233 2162 6.
255 2101 324 2162 Liv.
339 2101 429 2170 VIII,
439 2097 472 2160 ’6.
487 2101 524 2159 al.
565 2101 650 2160 Conf.
667 2101 789 2161 Gruteri
804 2100 938 2179 Inscript
960 2122 989 2179 p.
1012 2109 1081 2169 389.
1103 2100 1258 2160 Burrum

109 2203 176 2263 snt
197 2203 296 2264 Theb.
313 2203 370 2276 xl,
386 2209 455 2269 557.
469 2203 542 2274 XII,
557 2211 625 2263 888.
642 2205 782 2264 Presserat
796 2204 835 2262 od
850 2204 937 2282 Prop.
954 2203 1007 2273 IV,
1023 2210 1072 2272 11,
1087 2210 1135 2271 97·
1164 2201 1258 2280 Egre-

107 2302 151 2380 gie
162 2295 208 2362 ἀὲ
221 2301 356 2372 homine,
377 2301 491 2362 curioso
511 2302 640 2384 quidem,
661 2303 714 2362 sed
734 2322 834 2362 verum
855 2301 1028 2364 sententium
1042 2310 1124 2360 metu
1140 2303 1259 2380 tyranni

108 2406 297 2477 occultante3
320 2417 353 2464 ut
366 2415 396 2465 et
407 2405 458 2464 ilis
472 2405 514 2466 nil
522 2407 589 2484 pins
600 2405 748 2486 interrogo,
760 2427 885 2486 quornm
899 2425 1001 2466 sensus
1014 2414 1076 2464 est:
1098 2404 1163 2464 heo
1176 2405 1259 2464 dum-
1368 2421 1371 2427 ·

108 2511 237 2570 ustionis
250 2529 336 2570 consa
350 2509 419 2569 sotis
432 2509 506 2569 mihi
521 2508 626 2568 idoneo
639 2510 756 2569 videtur
770 2529 805 2569 ac
817 2510 929 2588 probs,·
940 2507 1009 2579 'vel,
1032 2509 1101 2567 nolo
1115 2509 1259 2570 curiosius

107 2610 239 2670 scrutari
257 2607 375 2683 oonsilio
394 2608 531 2688 factoque
552 2608 749 2690 Imperatoris,
772 2609 852 2689 quod
871 2607 954 2669 nefas
967 2620 1019 2669 est
1065 2607 1114 2670 Sic
1128 2609 1170 2668 m'l
1182 2609 1259 2670 ultro

108 2726 214 2787 qnoero
220 2706 336 2785 plebeius
345 2707 425 2786 opud
436 2706 540 2767 Horat.
553 2706 612 2767 Sat
625 2707 667 2777 II,
678 2714 706 2777 8,
719 2713 785 2767 188.
796 2706 848 2767 ubi
856 2727 883 2765 v.
895 2704 992 2766 Bentl.
1002 2740 1042 2753 -
1054 2713 1102 2772 78.
1118 2706 1176 2765 Sed
1191 2707 1261 2787 quid

107 2808 188 2869 facit
200 2806 248 2867 vei
261 2808 326 2869 fecit
335 2808 383 2870 vel
394 2810 483 2871 sentit
496 2810 580 2869 turia
594 2810 685 2880 Rem,
693 2809 780 2889 plebs
793 2809 933 2879 Romanu,
948 2830 966 2868 s
981 2808 1107 2868 Romulo
1121 2820 1151 2869 et
1165 2810 1259 2869 Remo

110 2908 246 2969 oriundo
255 2908 281 2947 ²⁴
345 2910 451 2969 Roseus
461 2911 508 2969 vel
520 2908 637 2969 Romuli
646 2909 737 2970 frater
750 2910 797 2970 vel
805 2910 905 2989 potius
913 2909 988 2969 nlius
997 2909 1163 2989 quisquam,
1172 2929 1190 2968 n
1200 2930 1261 2988 qno

111 3007 227 3065 Urbem
247 3004 336 3066 fuisse
356 3006 465 3066 dictam
485 3008 565 3067 suma
588 3006 758 3067 tradiderat.
801 3008 888 3069 Conf.
911 3007 988 3067 Plut.
1009 3007 1054 3088 in,
1063 3007 1192 3066 Romulo
1211 3027 1259 3086 pr.

112 3108 201 3189 Vulp.
215 3108 254 3169 nd
269 3110 356 3188 Prop.
372 3110 415 3181 II,
432 3117 459 3181 l,
474 3116 522 3169 83.
537 3108 591 3181 IV,
603 3118 632 3181 1,
644 3119 672 3180 9.
687 3119 717 3171 et
732 3109 842 3190 Koenig
855 3110 894 3170 od
908 3112 987 3172 Pers
1004 3111 1029 3181 1,
1047 3118 1096 3178 78.
1182 3110 1258 3170 Tur·

113 3212 147 3271 io
163 3212 245 3271 rimi
258 3213 428 3274 oontemtim
443 3213 560 3285 dicitur,
583 3214 641 3275 fex
662 3214 765 3293 populi
785 3184 878 3293 eaque
898 3215 930 3274 in
950 3214 1091 3275 factiones
1106 3214 1209 3285 diviso,
1224 3224 1259 3273 ut

117 3313 197 3371 turio
208 3312 347 3373 mobilium
364 3313 514 3382 Quiritium
526 3335 574 3394 ap·
591 3314 695 3375 Horat.
711 3314 770 3374 od.
785 3314 811 3385 I,
830 3322 856 3386 l,
873 3322 900 3382 7.
941 3314 1025 3374 cont
1039 3312 1109 3374 Ver.
1125 3314 1206 3374 Lect
1217 3352 1258 3367 -·

121 3420 244 3481 73-81.
259 3412 403 3473 Praeclsre
423 3414 615 3475 ndumbromr
634 3415 788 3494 ingenium
807 3424 838 3473 et
858 3412 972 3474 indoles
991 3414 1086 3494 plebis
1108 3414 1156 3474 vel
1176 3414 1274 3475 fecis'

116 3516 213 3595 potins
227 3518 378 3589 Romanor,
400 3515 494 3595 qualis
513 3520 568 3577 sub
582 3516 813 3597 imperatoribus
825 3530 856 3578 et
872 3517 936 3597 jam
948 3516 1018 3577 inde
1031 3538 1049 3577 a
1060 3516 1146 3578 bellis
1166 3516 1259 3577 civili·

117 3622 174 3678 bus
186 3620 252 3691 nit,
275 3632 307 3681 et
318 3621 449 3700 primum
463 3620 584 3700 quidem
599 3641 627 3682 v.
642 3618 771 3687 73-76.
786 3618 876 3679 animi
890 3619 993 3681 levitas
1006 3631 1037 3680 et
1056 3619 1259 3689 inconstantis,

115 3719 220 3780 deinde
234 3741 261 3779 v.
278 3728 408 3787 77-81.
421 3720 540 3800 ignavis
552 3732 583 3781 et
597 3720 710 3781 servilis
722 3719 837 3779 unimus
850 3718 954 3799 plebis,
967 3740 1035 3799 que
1045 3719 1209 3781 hnerutem
1225 3738 1260 3778 sc

111 3821 179 3901 jure
190 3822 320 3903 pristino,
331 3822 386 3884 sibi
399 3824 498 3883 omnia
511 3822 584 3903 eripi
606 3820 751 3901 patienter
764 3822 822 3882 fert
835 3816 865 3882 e't
879 3822 953 3883 dues
965 3833 1082 3883 tontum
1108 3840 1156 3881 res
1175 3820 1261 3880 anxie

144 4086 165 4117 ¹¹
177 4084 213 4133 Cf.
228 4102 250 4136 r.
265 4090 304 4137 93.
321 4084 384 4135 Plin.
405 4084 459 4140 111,
474 4090 496 4132 6.
518 4084 593 4133 Strub.
609 4083 630 4132 1,
645 4100 668 4147 p.
736 4085 755 4115 ¹⁸
767 4083 807 4134 Sic
820 4088 891 4134 Remi
898 4086 971 4149 plebs,
981 4094 1054 4144 terro,
1071 4102 1153 4147 regino,
1169 4086 1260 4140 domur,

114 4155 152 4200 1⁵.
169 4150 200 4199 V.
220 4166 244 4213 p.
261 4156 314 4199 171.
335 4152 383 4199 VI.
401 4166 425 4213 p.
446 4154 500 4199 178.
524 4150 581 4199 Tse.
604 4151 669 4198 Anu.
704 4162 805 4213 nepeta,
821 4153 934 4205 culmino,
952 4154 1021 4212 signo
1039 4166 1079 4212 sp.
1098 4148 1204 4198 Martini.
1225 4149 1261 4207 X,

115 4216 164 4274 tv,
178 4222 217 4265 67.
234 4218 300 4266 Suet.
314 4216 369 4265 Tib.
383 4231 404 4264 c.
417 4220 456 4264 to.
468 4221 508 4263 43.
523 4225 547 4263 et
557 4219 596 4264 65.
615 4214 673 4263 ctu.
706 4221 746 4275 76,
759 4224 783 4265 4.
804 4215 894 4265 comit
914 4214 1019 4270 LVIII,
1035 4219 1058 4264 5.
1074 4215 1133 4263 Stet.
1149 4215 1205 4265 Silv.
1221 4214 1260 4272 11,

114 4298 160 4328 ror.
187 4282 242 4329 Ital.
262 4292 311 4330 unt
333 4280 381 4330 lv.
399 4298 424 4344 p.
445 4284 514 4329 1168.
539 4280 628 4342 Heyne
644 4278 674 4327 sd
707 4286 729 4337 ⁷,
748 4290 788 4333 60.
811 4282 884 4343 ΡΜ).
904 4280 952 4337 IV,
965 4284 1040 4337 ⁶2⁸⁰*
1060 4281 1119 4331 heu
1137 4282 1219 4343 'Pipuu
1236 4280 1260 4327 in

117 4348 232 4460 apossoli
246 4364 270 4409 p.
284 4352 340 4395 512.
355 4358 379 4395 ot
394 4346 454 4396 Ero.
467 4344 547 4395 VIII.
563 4344 594 4394 ed
603 4344 671 4409 Virg.
707 4346 808 4397 Diodori
820 4348 895 4411 epigr.
911 4345 1010 4394 Antinoi.
1024 4345 1064 4395 lib·
1081 4344 1103 4394 1.

141 4413 179 4461 ὀ.
220 4413 258 4471 II,
272 4416 320 4462 788
332 4427 380 4475 seq.

660 4496 741 4545 Dor
