3100 5250
426 416 476 486 m
497 414 661 488 JuvnN.
687 381 786 488 sar.
809 416 888 487 vn.
1173 428 1238 489 aas

130 600 311 655 iss-128.
342 591 442 655 Verba
464 614 627 675 pauperum
654 608 855 675 patronorum,
879 596 918 655 de
939 596 1063 675 indigna
1088 608 1165 658 sorte
1188 620 1242 659 sua

88 698 294 776 querentium.
348 702 415 757 124.
445 696 545 757 Verba
571 707 703 779 pentum
729 698 802 770 licet,
831 718 897 778 que
925 718 1013 757 nemo
1037 699 1242 778 interpretum,

88 806 245 876 quotquot
265 796 407 867 consului,
428 796 596 876 explicavit,
617 795 648 858 h.
660 798 681 858 l.
702 798 854 877 aptissima
872 808 950 857 suut
991 798 1074 876 Lege
1088 798 1191 861 Cincia
1205 803 1243 863 de

87 895 179 955 donis
194 916 232 957 ac
245 896 424 967 muneribus,
443 917 469 955 a.
487 896 525 956 U.
540 897 573 955 C.
588 896 652 955 DC.
666 918 684 957 a
698 898 742 957 M.
756 897 859 957 Cincio
873 897 1023 958 Alimenta
1036 897 1105 964 trib.
1118 899 1160 978 pl.
1174 900 1244 976 lata,

84 1010 207 1077 preter
232 998 292 1060 alia
317 1010 441 1070 cautum,
463 999 589 1079 nequis
609 1002 647 1062 ob
668 1020 786 1061 musam
806 1000 947 1060 orandam
966 1000 1077 1059 donum
1098 1021 1245 1067 munusve

87 1114 230 1181 caperet
259 1103 303 1163 Ea
316 1122 430 1183 quoque
444 1102 493 1162 lex
504 1103 542 1163 sd
556 1103 706 1163 avaritiam
719 1113 911 1182 patronorum
920 1100 1109 1182 donandique
1121 1103 1242 1167 facilita-

87 1216 159 1264 tem
175 1205 376 1276 coercendam,
391 1206 416 1265 si
431 1224 492 1265 non
505 1205 584 1277 satis,
595 1216 674 1266 certe
687 1204 816 1265 multum
826 1204 924 1265 valere
937 1216 1052 1285 poterat
1065 1208 1246 1287 temporibus

89 1306 199 1369 liberes
212 1308 255 1367 rei
268 1308 407 1387 publice,
422 1310 531 1387 quibus
545 1308 671 1369 oratoria
683 1308 804 1369 arteria
817 1308 854 1367 sd
869 1308 994 1386 gratiam
1006 1310 1088 1388 apud
1100 1313 1246 1391 populum

90 1418 124 1467 et
136 1406 179 1466 sd
193 1407 321 1467 honores
334 1407 531 1467 muniebatur.
572 1407 675 1481 Quum
691 1426 761 1469 vero
774 1407 869 1466 omnis
885 1406 1032 1468 honorum
1046 1429 1113 1487 spes
1126 1412 1164 1469 ab
1186 1412 1201 1471 1
1202 1432 1247 1479 m,-

92 1518 266 1586 persturcm
281 1507 379 1587 gratis
398 1506 550 1585 penderet,
571 1520 602 1568 et
614 1506 715 1567 nullus
728 1506 791 1566 fere
803 1507 918 1566 fructus
931 1520 1085 1587 caperetur
1099 1530 1136 1593 ex
1149 1522 1248 1589 patro-

96 1607 181 1666 einio
193 1630 203 1679 ;
223 1607 287 1687 quis
312 1608 377 1667 sine
401 1606 557 1667 honorario
580 1619 632 1667 aut
653 1606 789 1667 mercede
809 1608 969 1686 gratuitam
993 1606 1150 1669 clientibus
1172 1630 1248 1689 prae·

97 1718 194 1767 staret
208 1712 346 1787 operam?
386 1708 467 1768 Hinc
480 1710 544 1788 jam
559 1709 699 1769 Claudius
714 1708 791 1786 lmp-
805 1708 883 1767 dona
895 1719 926 1768 et
938 1720 1039 1787 petere
1052 1720 1085 1769 et
1095 1709 1166 1769 dare
1178 1730 1247 1791 per·

96 1812 189 1882 misit,
208 1812 287 1872 sacta
307 1834 334 1871 a.
352 1812 390 1875 U·
405 1814 438 1871 C.
453 1812 571 1875 DCCC.
586 1813 664 1873 SCto
678 1811 852 1881 Claudiano,
873 1833 933 1891 quo
948 1813 1078 1892 pecuniis
1096 1814 1130 1873 od
1147 1836 1250 1875 cousus

96 1913 224 1972 madar
236 1914 500 1995 capiendnposuur
513 1914 609 1973 modus
622 1934 708 1995 arque
721 1914 761 1973 ad
773 1914 846 1976 &aa
859 1914 996 1985 sestertio,
1005 1936 1083 1996 quem
1095 1918 1246 1997 (modum)

97 2018 206 2097 rgrern
226 2018 444 2101 repetundorum
468 2024 635 2093 trauntur.
688 2016 773 2077 Idem
795 2008 903 2077 deinde
924 2030 1084 2079 sanxerunt
1111 2021 1193 2080 Nero
1218 2031 1250 2081 et

100 2121 259 2200 Traianus,
280 2122 338 2180 nisi
359 2120 409 2179 ille
428 2099 487 2181 nori
507 2119 596 2181 etiam
616 2119 776 2180 terminum
793 2121 887 2199 quasi,
907 2120 986 2179 ultra
998 2140 1088 2200 quem
1109 2122 1249 2201 progredi

102 2242 167 2282 non
188 2222 296 2293 liceret,
319 2223 372 2283 sed
396 2235 505 2282 certam
529 2222 628 2302 potius
647 2223 819 2301 justamque
836 2223 1001 2282 mercedem
1021 2222 1053 2280 in
1073 2243 1251 2303 unoquoque

102 2346 259 2387 camaram
281 2346 392 2405 genere
415 2326 598 2387 constituisse
621 2324 786 2385 censendus
809 2336 862 2385 est
870 2326 896 2363 ⁵²
988 2326 1094 2407 ltaque
1115 2337 1250 2407 quornm

101 2424 167 2483 licet
180 2424 242 2485 scil.
257 2424 328 2484 dsre
343 2424 495 2485 causidicis
508 2444 543 2483 ac
556 2424 698 2503 patronis,
717 2433 786 2483 sunt
799 2421 876 2482 dena
888 2424 1026 2483 sestertia
1069 2423 1251 2505 Desigrntur

99 2536 132 2587 ct
145 2527 270 2587 avaritia
282 2538 314 2587 et
326 2526 482 2587 auctoritas
496 2524 621 2604 patroni,
637 2524 698 2604 qui,
714 2535 859 2602 quantum
871 2520 950 2594 licet,
970 2535 1001 2585 et
1013 2525 1143 2604 postulat
1157 2527 1250 2609 etjac-

100 2632 188 2710 cipit
271 2641 297 2690 et
316 2631 413 2693 melisa
433 2643 531 2691 tamen
552 2649 602 2689 nos
621 2627 742 2708 egimus,
758 2628 969 2708 peroravimus,
989 2639 1024 2688 ut
1045 2649 1072 2688 r.
1089 2638 1155 2692 122.
1198 2633 1244 2692 Cl'.

105 2736 184 2795 Var.
202 2735 283 2794 lect

154 2839 327 2892 rae-rsa.
356 2829 546 2912 significatur
572 2829 710 2890 nobilitas
738 2820 853 2889 AEmilit
878 2828 996 2908 patrum
1020 2839 1051 2888 et
1071 2839 1132 2890 tam
1153 2832 1253 2901 aare,
1296 2845 1300 2850 ·

101 2951 200 3010 quam
223 2929 322 2991 dolosa
342 2943 373 2991 et
398 2929 560 2990 alliciendis
582 2927 738 2988 clientibus
761 2925 983 3003 accommodata¹
1001 2926 1066 3006 ejus
1089 2929 1252 2990 ostentatio

104 3030 187 3090 Nota
199 3029 278 3091 Aeli.
292 3041 354 3089 est:
376 3038 397 3066 “
412 3029 514 3088 Stante
527 3048 558 3087 re
571 3026 692 3106 publica
704 3026 820 3106 patricii
833 3025 898 3096 soli,
917 3024 1031 3087 nobiles
1043 3037 1133 3105 atque
1146 3026 1252 3088 divites
1337 3098 1344 3112 ι

103 3133 225 3214 plebeii,
248 3132 301 3212 qui
321 3133 361 3192 ad
373 3133 497 3192 honores
510 3129 633 3210 provehi
646 3129 813 3200 studebant,
834 3129 1015 3209 pauperibus
1029 3128 1185 3190 clientibus
1197 3151 1250 3210 pa·

103 3238 185 3296 troni
198 3247 289 3316 etque
302 3235 437 3296 advocati
450 3245 541 3304 ararit,
552 3247 655 3293 eorum
667 3245 766 3313 partes
778 3233 811 3291 iu
824 3233 890 3291 foro
902 3234 1038 3310 agebant,
1050 3232 1141 3311 idque
1153 3235 1254 3312 gratis

108 3341 155 3398 As
163 3339 254 3418 lapsis
265 3339 443 3399 moribuset
455 3337 614 3398 virtutibus
627 3357 697 3397 cum
709 3356 743 3396 re
755 3334 876 3416 publica
890 3334 1000 3395 corruit
1014 3335 1152 3415 ingenue
1164 3337 1254 3418 hujus

106 3439 184 3499 artis
203 3439 367 3499 liberalitas.
420 3437 567 3501 Causidici
590 3436 743 3516 professio,
767 3456 836 3514 quac
857 3435 975 3513 patroni
1001 3456 1136 3515 persone
1164 3450 1252 3498 antes

105 3540 210 3600 fuerat
228 3539 384 3611 inherens,
406 3540 621 3618 Imperatorum
635 3533 820 3615 temporibus
833 3546 965 3614 separata
977 3549 1009 3596 et
1029 3536 1152 3615 plebeiis
1164 3551 1254 3619 atque

108 3642 245 3702 obscuris
263 3642 435 3701 hominibus
455 3641 566 3714 relicta,
586 3639 694 3699 sensim
713 3637 892 3698 mercenaria
905 3639 982 3699 facta
1002 3651 1054 3700 est.
1096 3642 1185 3704 Unde
1204 3641 1256 3702 illa

108 3745 324 3806 causidicorum
346 3765 439 3825 prope
452 3742 585 3803 omnium
604 3753 781 3822 paupertas;
803 3726 865 3820 qui,
886 3753 921 3802 ut
940 3743 996 3802 iste
1009 3743 1152 3815 AEmilius,
1174 3754 1254 3803 vete-

107 3863 180 3907 rem
194 3846 351 3908 nobilitatis
364 3858 395 3907 et
409 3845 580 3906 divitiarum
594 3845 721 3925 speciem
742 3843 868 3903 retinere
881 3844 1056 3916 affectantes,
1077 3866 1114 3904 eo
1130 3845 1199 3925 plus
1211 3846 1255 3906 fs·

70 3995 73 4000 .
105 3948 231 4010 ciebant
250 3948 334 4021 lucri,
356 3969 416 4028 quo
430 3947 581 4008 illustriori
594 3959 683 4026 gente
698 3946 815 4006 oriundi
829 3945 1025 4008 viderentur.”
1071 3948 1182 4008 Recte:
1204 3950 1256 4010 sed

103 4053 189 4112 inter
200 4061 346 4131 patronos,
366 4051 521 4114 causidicus
541 4060 567 4110 et
587 4051 735 4110 aduocatos
750 4050 816 4129 jam
829 4060 924 4110 stante
936 4069 969 4110 rs
982 4050 1102 4129 publica
1115 4071 1256 4132 magnum

137 4271 158 4301 Ι
173 4287 200 4318 v.
216 4267 285 4330 Lips-
298 4269 330 4318 sd
347 4269 424 4319 Tacit.
440 4271 506 4319 Anu.
525 4268 575 4328 XI,
591 4271 665 4318 5-7.
704 4269 839 4318 Brummsr.
862 4285 948 4319 mmm.
971 4269 1003 4318 ds
1019 4269 1073 4334 legs
1096 4271 1164 4322 Cina.
1184 4289 1206 4323 c.
1228 4281 1252 4324 4.

107 4337 194 4398 rapa
217 4335 283 4384 crin.
304 4336 352 4398 aa
370 4335 402 4394 v,
416 4342 455 4386 ει.
474 4337 532 4385 um.
551 4334 583 4383 aa
601 4335 667 4383 sues
703 4335 846 4399 analaugn
868 4336 970 4398 Jasspr.
995 4336 1141 4400 sarasan.
1164 4355 1188 4404 p.
1206 4345 1252 4392 591
1331 4357 1339 4372 ·
1412 4323 1418 4342 ⁸

106 4401 167 4451 Ner.
192 4417 217 4451 e.
238 4405 277 4450 17.
309 4403 385 4451 Baeh.
409 4401 434 4450 iu
457 4401 563 4465 Trujsuo
584 4417 607 4463 p.
630 4405 669 4452 92.
701 4415 748 4464 seq
763 4402 876 4451 otGrou.
890 4401 982 4465 dsper.
996 4411 1041 4452 ret
1056 4400 1131 4462 11,s
