3100 5250
300 462 343 520 96
672 453 1064 522 COMMENTARIUS

297 628 482 690 instrumenti
501 647 604 708 genno,
624 637 686 690 tam
699 629 818 711 imagin
830 649 919 710 quem
933 629 1084 700 innovarit,
1104 637 1255 705 tamquam
1269 647 1287 686 a
1301 626 1450 706 voluptr-

295 727 347 789 riia
361 729 442 808 Syria
454 729 486 788 in
502 729 612 788 Urbem
625 729 748 799 illatum,
771 728 801 787 h.
816 729 836 790 l.
850 730 941 809 tangi,
963 740 997 789 ut
1017 730 1054 788 ab
1077 727 1181 786 Horat
1203 725 1300 805 Eporl
1322 727 1378 788 IX.
1404 733 1447 796 5.,

295 832 349 892 ubi
368 830 408 890 de
426 831 579 910 utriunque
602 843 746 892 concentu
764 831 872 912 agitur,
893 832 1046 912 probabile
1065 831 1101 892 fit
1113 849 1150 891 ex
1162 849 1207 902 eo,
1233 828 1314 908 quod
1326 828 1447 909 obliqua

294 933 364 996 tibia
377 955 400 995 a.
408 933 582 1014 plagiarium,
596 934 678 994 huud
690 934 775 994 aliter
788 955 824 994 ac
835 946 914 995 recta
923 935 1011 995 etiam
1021 933 1102 1004 tibia,
1115 933 1270 1012 Phrygum
1282 932 1446 993 inventum

294 1033 364 1094 olm
376 1033 558 1094 habitum‘ac
569 1034 640 1094 inde
652 1033 782 1094 tibicinae
794 1033 887 1114 vulgo
904 1033 1042 1113 Phrygio
1061 1043 1092 1094 et
1112 1029 1288 1112 Berecyntio
1306 1031 1442 1110 appella-

293 1149 332 1198 to
341 1159 351 1211 ;
372 1138 511 1216 quodque
531 1137 671 1217 pleraque
692 1137 743 1196 illa
761 1135 877 1220 ἠχοςδα
896 1137 944 1196 vel
965 1139 1059 1196 inuret
1079 1146 1213 1196 veterum
1226 1154 1338 1214 organa
1347 1155 1440 1213 pere-

292 1237 378 1322 grina
390 1238 482 1307 fuere,
497 1257 534 1296 ex
548 1237 598 1296 illo
611 1248 717 1308 tractu,
731 1237 826 1316 syrie
839 1256 945 1317 nempe
955 1257 990 1297 ac
1000 1235 1169 1308 Phoeniciae,
1180 1235 1261 1296 unde
1270 1247 1301 1294 et
1309 1237 1441 1296 bmbure

292 1342 327 1401 iia
341 1343 433 1402 indite
446 1341 573 1411 nomine,
594 1360 623 1399 v.
638 1362 663 1401 c.
677 1341 771 1412 natu,
794 1341 925 1411 barbitos,
944 1341 1082 1422 megedin,
1101 1341 1278 1420 psalterium,
1291 1341 1440 1411 cambuca,

292 1445 402 1520 citium
418 1447 515 1524 (nun).
555 1444 713 1523 lnaigniter
727 1444 787 1504 huc
800 1445 870 1505 facit
884 1445 961 1505 Livii
974 1444 1057 1504 locus
1071 1443 1220 1513 XXXIX,
1232 1442 1261 1504 6.
1275 1443 1334 1514 ubi,
1349 1443 1441 1504 luxu-

233 1535 237 1542 ’
292 1543 352 1615 rioe,
375 1545 425 1614 eit,
442 1543 603 1624 peregrim
621 1542 701 1623 origo
719 1543 757 1602 ab
777 1543 899 1604 mercitu
919 1543 1044 1602 Asiatico
1063 1543 1171 1602 inuecta
1191 1541 1221 1601 in
1247 1541 1347 1603 Urbem
1365 1551 1439 1609 eri,-

292 1644 456 1723 omissaque
475 1643 518 1702 ibi
537 1645 618 1730 pmni
638 1644 777 1704 tibiarum
797 1655 850 1704 aut
869 1643 1025 1704 tibicinum
1045 1642 1203 1712 mentione,
1228 1651 1288 1702 tum
1310 1643 1442 1722 prolirioe

291 1742 544 1822 mmbucirtrioeque
573 1752 600 1803 et
629 1743 794 1803 convivialiu
822 1743 962 1803 ludicrum
989 1741 1185 1802 obkctumentu
1212 1741 1312 1802 additu
1338 1743 1440 1824 epulie.

293 1845 472 1907 Sambucum
485 1867 556 1908 vero
568 1847 712 1926 trigonnle
732 1847 790 1906 fuit
810 1858 841 1906 et
856 1867 926 1906 cum
939 1844 1133 1925 inaequalibus
1146 1843 1243 1904 nervia
1257 1865 1280 1905 a.
1295 1845 1416 1906 chordis
1429 1871 1442 1919 ;

292 1943 412 2024 obliqua
424 1947 510 2005 etiam
525 1947 590 2026 ipse
602 1946 676 2025 lyrre
690 1967 742 2006 aeu
756 1945 875 2006 citlrarae
888 1945 1072 2025 aliorumque
1092 1944 1125 2003 id
1144 1963 1237 2024 genua
1249 1945 1377 2026 ἔγχόςδων
1390 1947 1440 2006 in-

292 2058 523 2109 strumentorum
535 2049 627 2109 latera
639 2060 670 2108 et
683 2069 803 2122 cornua,
817 2056 927 2130 πηχεΐα,
942 2049 1040 2130 algero
1054 2047 1164 2109 Polluc.
1178 2069 1208 2126 p.
1223 2047 1307 2114 187.”
1347 2049 1440 2109 Confi

292 2151 450 2231 Spanbem.
461 2152 499 2211 ad
509 2152 623 2211 Callim.
637 2153 678 2211 H.
690 2153 721 2211 in
732 2153 820 2212 Dian.
834 2173 864 2213 v.
874 2152 1044 2213 243-246.
1059 2162 1089 2212 et
1103 2150 1229 2230 Bomger
1242 2150 1274 2209 in
1283 2151 1440 2212 Wielandi
1534 2164 1535 2177 ¹

291 2251 393 2312 Attico
406 2252 512 2312 Museo
525 2252 562 2310 T.
572 2253 597 2311 1.
609 2253 692 2312 Faac.
706 2261 735 2313 2.
748 2273 779 2332 p.
794 2257 854 2316 845
869 2273 929 2332 aeq.
939 2289 981 2302 -
994 2252 1177 2333 Tympanum,
1190 2251 1316 2324 ripum
1329 2273 1352 2310 a
1367 2250 1440 2324 τύμ-
1534 2289 1535 2320 ,

289 2373 376 2425 roae,
405 2353 499 2415 Hebr.
528 2359 594 2455 η’ῃ,
619 2356 715 2415 'Arab
746 2357 802 2448 ‘ll’
838 2357 927 2416 Turn
960 2353 1024 2436 deff,
1055 2353 1173 2413 Bar-bar.
1205 2363 1279 2424 tarr,
1308 2353 1438 2435 Hispan.
1534 2339 1535 2348 ἵ

289 2452 384 2533 udrffe,
404 2453 523 2535 lignum
542 2467 716 2516 excavatum
736 2457 876 2535 corioque
896 2454 1069 2526 obductum,
1092 2453 1173 2534 quod
1187 2453 1332 2525 manibus,
1345 2477 1363 2515 a
1377 2457 1438 2514 vir·
1534 2489 1535 2496 κ

290 2556 410 2635 ginibua
423 2557 608 2637 plerumque,
628 2559 811 2637 pulsabatur,
833 2571 863 2620 et
877 2577 1099 2639 nonnumquam
1113 2557 1144 2614 in
1161 2556 1287 2616 laterum
1301 2557 1435 2618 incimria
1534 2543 1535 2576 ³

290 2654 360 2713 binc
374 2654 456 2715 illinc
469 2656 646 2733 crepitacula
658 2678 741 2719 aenea
754 2658 891 2729 habebut,
913 2680 982 2738 quea
1002 2660 1034 2716 in
1053 2656 1170 2741 axiculo
1189 2658 1266 2718 inter
1286 2679 1317 2718 se
1337 2659 1437 2721 collina

269 2798 272 2803 .
290 2751 400 2812 tinnitu
414 2774 468 2813 auo
481 2754 609 2813 suaviter
629 2760 833 2837 temperabunt
852 2758 1010 2838 complosae
1028 2760 1208 2819 membranae
1227 2758 1368 2831 bortum5
1389 2759 1436 2818 in-

290 2866 486 2917 strumentum
500 2857 655 2929 musicum,
673 2859 706 2917 in
719 2858 845 2919 Oriente
857 2862 1137 2940 frequentiraimum,
1160 2863 1255 2940 (unde
1266 2861 1295 2920 h.
1310 2862 1328 2919 l.
1339 2862 1435 2941 gerli-
1534 2920 1535 2927 ,

289 3058 365 3120 loetia
388 3059 494 3121 diebua
514 3080 549 3119 ac
568 3060 716 3139 tripudiis,
736 3082 798 3122 non
817 3082 889 3123 vero
907 3064 939 3125 in
958 3062 1053 3136 bellis,
1074 3065 1279 3137 adhibebatur,
1301 3065 1436 3144 variique

290 3161 455 3238 genennae
474 3162 578 3221 iormae
591 3173 670 3220 erat:
691 3181 721 3221 v.
733 3182 759 3221 c.
780 3160 866 3233 illud,
888 3183 949 3242 quo
969 3164 1001 3223 in
1021 3164 1109 3225 camb
1130 3157 1256 3245 Cybeleia
1275 3177 1306 3227 et
1325 3166 1436 3225 Bacchi

290 3264 460 3335 utebantur,
485 3266 524 3325 ad
545 3264 634 3326 cribri
655 3263 878 3325 aimssitudinem
898 3268 1036 3337 effictum,
1060 3268 1434 3348 dequor.1aidor.0rig.

290 3368 349 3441 111,
363 3376 412 3427 21.
427 3381 457 3429 et
469 3391 631 3431 monumm.
644 3383 716 3431 antt
753 3371 829 3430 Inde
842 3370 1026 3451 intelligitur,
1040 3373 1105 3432 haee
1118 3384 1260 3453 tympano
1272 3394 1330 3433 non
1342 3373 1435 3453 plene

288 3467 474 3546 reapondirae
494 3470 529 3528 iis
549 3471 760 3542 instrumentia,
784 3491 852 3551 quae
873 3473 957 3532 nobis
978 3472 1066 3532 hodie
1085 3473 1200 3553 peuken
1225 3485 1256 3535 et
1278 3474 1433 3545 lroenmeln,
1534 3518 1535 3521 η

288 3566 383 3628 Gallia
396 3568 567 3629 lambuerint
585 3581 617 3631 et
635 3573 775 3632 tambourr
786 3570 934 3632 dicuntur.
946 3572 1022 3624 ¹²-
1034 3573 1083 3634 65.
1098 3573 1228 3648 Quidem
1249 3574 1280 3633 b.
1300 3574 1320 3632 l.
1342 3574 1434 3635 inter·

287 3682 442 3751 pretuntur
467 3671 506 3731 de
525 3674 696 3751 prostibulis
718 3674 851 3747 ecenieia,
875 3696 942 3755 quae
964 3660 1124 3748 theutrum,
1149 3678 1239 3737 immo
1261 3698 1378 3739 scenam
1403 3690 1434 3737 et

286 3769 473 3851 proscenium
486 3772 677 3844 obaidebrnt3
699 3775 740 3853 (v.
756 3775 837 3853 Lipe
853 3774 945 3835 Elect.
962 3775 987 3846 Ι,
1004 3779 1066 3856 11.)
1089 3776 1263 3838 Plathnerua
1280 3798 1351 3837 vero
1371 3796 1432 3837 uon

287 3871 364 3932 male
384 3872 422 3932 de
441 3873 603 3933 ambubaiia
626 3872 730 3952 Syriis,
753 3874 919 3952 peregrinio
940 3877 1052 3945 acor-tia,
1075 3884 1117 3955 (v.
1140 3876 1222 3955 Suet.
1244 3876 1317 3937 Ner.
1337 3884 1388 3944 27.
1403 3888 1433 3937 et

288 3970 392 4033 Horat.
408 3974 468 4033 Sat.
484 3973 510 4046 1,
525 3981 553 4043 2,
570 3977 611 4054 1.)
633 3973 685 4033 aed
697 3975 806 4035 rectius
819 3973 870 4034 alii
883 3974 921 4035 de
933 3976 1137 4037 meretricibua
1151 3974 1380 4050 Submoeninnia,
1393 3976 1432 4037 ad
1534 4036 1535 4063 ,

319 4132 337 4163 ¹¹
349 4134 389 4183 cf.
409 4136 507 4185 Lucret.
521 4136 560 4194 ΙΙ,
576 4140 632 4185 618.
651 4136 750 4201 Joarph.
770 4137 840 4187 nne.
876 4145 932 4191 269.
949 4137 1057 4188 liuuel’a
1069 4138 1172 4190 Natural
1185 4138 1327 4203 Historyot'
1336 4140 1433 4201 Aleppo

285 4196 346 4247 Jud.
366 4198 430 4257 Vll,
453 4202 521 4264 12§
543 4208 566 4250 8.
589 4200 657 4251 Suid.
676 4217 699 4250 v.
719 4204 840 4264 rimarer,
874 4219 897 4265 p·
921 4210 958 4255 94.
977 4210 1016 4254 95.
1035 4207 1082 4253 rab
1106 4210 1143 4253 14.
1167 4204 1289 4252 Niebulm
1318 4204 1433 4254 Rn‘sebe-
1534 4224 1535 4257 ῑ

287 4262 455 4314 Moutiauoon.
479 4267 563 4381 Antip
586 4267 659 4329 Eapl.
687 4267 717 4317 T.
741 4268 796 4315 111.
816 4282 839 4329 p.
874 4269 972 4319 rcbreib.
993 4270 1023 4319 Τ.
1043 4271 1066 4319 Ι.
1085 4286 1109 4331 p.
1131 4274 1185 4317 180.
1207 4273 1321 4319 ishun
1336 4275 1430 4319 26.st
1534 4302 1535 4321 .

284 4332 340 4376 846.
351 4344 378 4376 ac
391 4330 473 4393 Suppl.
490 4333 544 4381 ‘lll
566 4334 586 4381 1.
598 4350 620 4394 p.
639 4339 691 4383 197.
705 4344 730 4380 et
740 4332 781 4395 qui
791 4345 839 4379 turn
875 4334 904 4382 T.
921 4336 958 4383 ΙΙ.
972 4352 995 4397 p.
1010 4342 1050 4383 84.
1066 4340 1119 4385 173.
1139 4334 1222 4398 riutiq.
1242 4334 1376 4385 Herculau.
1399 4336 1429 4384 Τ.
1534 4388 1535 4397 ,

284 4390 451 4454 deceptiones
468 4406 643 4459 tympanorum,
661 4414 733 4461 quum
751 4397 841 4459 figures
875 4400 912 4447 ll.
927 4405 973 4449 tab.
988 4408 1027 4450 20.

284 4457 326 4507 eri
342 4458 428 4507 inciam
444 4464 561 4520 enim-nt,
589 4466 679 4513 Sbuw¹s
698 4464 797 4512 Travels
813 4480 835 4525 p.
