3100 5250
459 499 509 564 IN
530 497 695 565 JUVBN.
720 499 819 565 SAT.
844 499 904 564 v1.
1183 505 1247 567 243

104 671 195 732 sacris
209 671 305 732 Bonre
319 671 404 742 Dee,
423 692 490 751 quse
512 673 651 753 Priapeiis
671 685 701 734 et
721 672 952 734 Bacchanalibus
971 669 1180 742 similie'eruut,
1202 678 1248 752 (ν.

104 770 184 830 Plut.
201 770 235 828 in
251 773 328 834 Caes
343 781 374 830 et
388 771 495 851 Cieer.)
510 783 544 831 ut
559 773 682 857 Bacchus
697 773 855 843 Bacchum,
868 792 938 856 eum
951 770 1058 832 ululatu
1071 771 1248 833 innoeentes.

104 873 204 934 Vetus
219 873 323 934 Sehol-
346 883 363 910 ‘¹
380 875 445 934 Non
460 875 560 934 Liberi
574 875 665 953 putris
679 876 814 945 Beccboe,
829 877 867 948 (s.
881 874 1044 953 Mseuudes)
1059 875 1111 935 sed
1125 875 1249 954 Priapil'

103 973 200 1032 Cous.
213 984 317 1032 tumen
332 973 397 1032 Ver.
411 973 492 1033 Leet.
507 985 538 1034 et
551 974 588 1033 de
602 974 712 1054 Priapo
731 975 784 1032 inf.
798 974 837 1034 ud
850 995 879 1034 v.
893 980 962 1042 375.
974 1009 1017 1022 -
1029 980 1098 1034 318.
1111 993 1175 1054 quur
1187 995 1248 1044 our,

101 1090 208 1149 quem
227 1070 344 1130 lascive
363 1082 471 1130 suntet
485 1091 599 1132 canore
619 1093 704 1132 voees
724 1073 842 1132 earum!
936 1071 1068 1131 Verbum
1087 1071 1193 1132 rubore
1212 1072 1251 1131 de

100 1173 291 1234 vehemente
303 1173 460 1252 cupiditate
473 1174 591 1246 dieitur,
605 1187 639 1236 ut
653 1177 745 1256 καρδία
760 1177 832 1251 πηδᾷ
840 1174 996 1251 velimbql
1004 1174 1154 1253 Aristoph.
1165 1175 1246 1234 Nub.
1363 1230 1366 1234 Δ

102 1292 133 1330 v.
153 1278 249 1340 1393.
266 1271 331 1346 (ubi
350 1291 378 1328 v.
393 1271 526 1352 Kuster.)
549 1283 579 1332 et
603 1273 769 1334 Aristaenet
792 1273 888 1351 Epist.
903 1272 946 1343 11,
960 1281 988 1331 5.
1002 1273 1077 1332 sorte
1091 1283 1122 1332 et
1134 1272 1249 1331 ἅλλιται

105 1375 246 1450 mula
259 1373 408 1434 Theocrit.
422 1375 482 1445 111,
497 1383 547 1443 37.
561 1376 637 1455 inpr.
650 1397 721 1436 vero
735 1378 810 1434 κακὰ
824 1375 847 1433 δ’
861 1375 990 1453 ἰξάλλιτο
1008 1376 1109 1456 yorrrlg
1121 1397 1167 1455 ep.
1182 1376 1250 1436 cnl-

105 1470 170 1529 lim.
188 1471 231 1550 ῌ.
247 1471 279 1530 ἰιι
293 1473 359 1530 Cer.
374 1493 402 1530 v.
419 1479 469 1542 89.
483 1473 536 1532 ubi
550 1493 577 1532 v.
592 1474 718 1534 Ernesti.
759 1475 806 1536 cf.
822 1473 905 1532 Moll.
925 1473 965 1532 ud
985 1473 1083 1551 Longi
1098 1474 1207 1533 Pastor.
1220 1493 1250 1552 p.

110 1581 161 1633 53.
175 1613 218 1628 -
231 1580 299 1643 319.
313 1573 468 1648 Quantum
486 1575 555 1634 meri
568 1576 666 1634 ueteris
687 1577 862 1655 (utrumque
875 1595 945 1635 eum
958 1575 1089 1657 delectu)
1109 1576 1149 1635 td
1161 1576 1252 1655 pedes

112 1671 220 1732 defluit
240 1673 380 1732 matronis
407 1672 530 1744 lascivis,
559 1694 590 1734 se
612 1673 897 1752 commingeutibus!
911 1681 1036 1734 -320,
1060 1673 1181 1753 Saufeio
1204 1673 1252 1733 vel

113 1769 250 1849 Lausello
265 1771 308 1848 (v.
324 1769 395 1830 Ver.
411 1770 507 1849 Lect)
522 1783 654 1832 matrona
666 1772 772 1832 lascive
786 1782 816 1833 et
827 1773 927 1842 tribes,
942 1772 1028 1852 cujus
1041 1771 1129 1832 etism
1141 1772 1253 1831 mentio

111 1873 145 1933 fit
158 1873 216 1943 IX,
233 1881 302 1940 117.
317 1885 347 1934 et
360 1894 408 1953 sp.
423 1873 550 1934 Mareu.
566 1874 625 1944 111,
640 1882 687 1942 72.
729 1875 814 1936 conf.
827 1875 881 1934 inf.
894 1876 932 1935 ud
946 1875 1020 1946 XII,
1032 1882 1080 1936 45.
1163 1875 1254 1936 Lero-

113 1993 178 2032 mn
191 1972 320 2044 ancillor,
340 1974 549 2044 meretriculas,
570 1973 741 2053 prostibula,
760 1983 894 2054 provocat
906 1975 938 2034 in
952 1986 1099 2036 certamen
1111 1975 1254 2046 bbidinis,

110 2075 205 2156 posite
218 2097 319 2136 ourouu
332 2077 364 2136 in
378 2077 485 2148 medio,
498 2076 547 2137 vel
559 2079 658 2157 potius
670 2078 822 2156 proposito
830 2078 959 2138 victoris
972 2078 1102 2156 proemio,
1117 2089 1153 2138 ut
1163 2078 1253 2139 raum

117 2176 264 2255 sumes
277 2161 416 2236 uomqn.
430 2178 469 2252 ψ,
483 2177 554 2238 urs.
567 2183 635 2245 rso.
657 2187 687 2238 et
706 2197 807 2238 corona
821 2198 868 2255 ap.
883 2177 966 2255 virg.
982 2176 1049 2234 nn.
1063 2176 1102 2248 v,
1117 2185 1185 2238 εει.
1201 2179 1254 2248 sn.

121 2274 212 2346 XVI,
225 2282 293 2345 299.
308 2283 369 2336 505.
412 2277 508 2338 Possis
527 2277 615 2338 etium
635 2296 790 2356 exponere,
808 2275 941 2354 deposita
963 2295 1070 2334 corona
1088 2277 1253 2338 convivali:

119 2396 191 2436 nam
206 2398 223 2434 s
236 2397 264 2436 v.
276 2385 443 2440 300-351.
469 2399 564 2440 sermo
583 2391 628 2440 est
647 2379 686 2438 de
706 2379 822 2438 Venere
840 2377 922 2437 ebria
941 2376 1086 2456 lautisque
1104 2377 1254 2448 eonviviie,

117 2473 150 2532 iu
167 2473 275 2551 qurbus
296 2485 406 2534 veteres
426 2475 558 2536 coronari
581 2475 721 2537 solebant.
763 2474 824 2534 Sed
843 2473 893 2533 illa
912 2475 987 2533 ratio
1007 2474 1139 2535 firmetur
1158 2476 1255 2536 verbis

111 2575 235 2655 prm
248 2577 413 2657 (eoronam)
429 2575 507 2649 tollit,
522 2578 551 2639 h.
566 2598 591 2639 e.
605 2578 713 2658 accipit
727 2574 841 2649 victrix,
861 2578 1011 2658 pendemir
1029 2598 1114 2653 ουτω,
1134 2590 1170 2639 ut
1188 2600 1256 2659 quer

118 2674 223 2735 suiuus
242 2674 399 2755 pluresque
420 2678 594 2757 subrigiturit
614 2664 783 2757 ceterasque
804 2676 951 2745 Διαβιάόαι
965 2700 987 2738 s.
1002 2678 1128 2759 τριβάδας
1149 2678 1181 2738 in
1200 2678 1257 2743 hee

119 2776 256 2838 muliebri
270 2784 413 2859 mmdtp
426 2781 530 2841 vicerit
542 2780 599 2853 vel,
614 2792 649 2841 ut
664 2782 763 2841 Photis
777 2802 822 2860 sp.
838 2781 927 2861 Apul.
943 2781 1015 2867 blet.
1031 2781 1072 2839 11.
1083 2802 1113 2860 p.
1127 2789 1195 2855 122,
1209 2791 1256 2855 19.

119 2878 306 2941 ammenti.
315 2882 411 2942 crebre
418 2883 564 2943 subsiliens
571 2883 739 2965 lubricisque
743 2884 866 2963 gestibus
874 2884 996 2943 mobilem
1003 2884 1112 2963 spinum
1119 2885 1256 2964 quotiens,

113 2978 244 3058 pardulo
257 2980 376 3042 Venerit
373 2981 480 3061 fructu
489 3004 519 3043 re
528 2982 681 3043 rutiuverit.
704 2983 794 3043 Poeta
802 2993 901 3067 eutem
908 2981 962 3042 b.l.
970 2983 1131 3062 respexisse
1142 2982 1257 3042 videtur

117 3076 210 3137 simile
218 3091 370 3139 eertumen
379 3079 588 3161 victoriamque
601 3080 775 3151 Messalinae,
787 3082 829 3159 (v.
840 3101 906 3161 sup.
914 3080 953 3141 ad
963 3100 991 3138 v.
1004 3079 1086 3160 126.)
1097 3080 1152 3140 nisi
1161 3080 1189 3137 ei
1197 3079 1256 3139 bl.

119 3179 259 3259 loffelloe
268 3202 379 3243 nomen
395 3168 486 3243 dedit'.
520 3184 634 3245 Buhrdt
646 3203 800 3263 perperam
814 3183 893 3263 cepit
905 3182 1083 3243 coronamus
1096 3182 1183 3243 mitra
1195 3203 1258 3241 ma·

116 3284 312 3357 numliaute
317 3296 469 3346 certamen
477 3284 622 3365 depositm
638 3298 722 3347 vetus
732 3297 831 3347 eutem
838 3286 935 3346 Schol.
993 3306 1091 3371 curam
1094 3286 1259 3364 pendentem

121 3391 161 3449 de
170 3412 261 3470 penu
273 3393 305 3451 in
314 3390 446 3451 carnario
454 3411 593 3471 suspensa
606 3402 636 3451 et
648 3390 762 3471 proemii
772 3391 837 3450 loco
847 3390 1004 3469 proposito„
1019 3390 1062 3467 (v.
1075 3389 1114 3449 ed
1122 3390 1179 3460 XI,
1194 3392 1258 3469 82.)

125 3488 250 3562 Cwonu,
262 3491 443 3551 servantibus
454 3490 653 3569 virginitatem
665 3490 742 3560 datu,
764 3507 845 3547 nune
864 3486 1039 3565 proponitur
1060 3487 1258 3549 Tribedibus:

123 3606 205 3645 coxoe
213 3588 362 3665 penderu'u,
386 3610 456 3649 uum
476 3610 543 3668 quae
558 3587 732 3658 succumbit,
756 3584 875 3645 sublimi
896 3604 967 3644 coxa
986 3584 1097 3664 excipit
1115 3586 1260 3648 tribedem

122 3685 359 3761 incumbentem
381 3687 455 3748 Brit.
465 3686 491 3731 ⁸⁷
504 3723 545 3737 -
559 3694 627 3747 322.
640 3686 712 3765 Ipso
733 3680 869 3744 Leufellu
887 3703 909 3741 s
932 3681 1050 3741 Saufeia
1063 3683 1210 3761 subigitur
1230 3694 1261 3743 et

119 3783 256 3861 agium
269 3785 401 3845 mbsultu
414 3784 562 3865 frequenti
574 3806 593 3843 e
606 3782 777 3852 Menullino,
791 3782 846 3840 sub
862 3798 921 3860 que
936 3779 1015 3859 jacet
1028 3780 1172 3859 cujusque
1181 3779 1261 3859 flue·¹

118 3888 181 3938 tum
195 3878 225 3937 b
239 3902 263 3941 e.
276 3894 391 3943 motum
405 3883 595 3943 fluctuantem
607 3882 718 3953 odorat,
734 3877 855 3939 maximi
867 3888 961 3956 putet,
976 3886 1127 3957 tamquam
1139 3877 1215 3936 nihil
1227 3898 1263 3937 eo

116 3982 250 4044 divinius
263 3984 324 4045 dici
337 3995 391 4046 sut
404 3986 528 4065 cogitari
537 3984 639 4065 possit.
710 3982 833 4063 fluctum
846 3998 901 4058 pro
915 3978 995 4057 vulg.
999 3978 1124 4058 frictum
1138 3980 1181 4058 (v.
1193 3979 1262 4045 Vur.

114 4086 197 4147 Lect-
213 4097 246 4148 et
257 4088 298 4147 ed
309 4108 338 4147 v.
354 4090 438 4167 311.)
453 4087 590 4148 substitui
604 4105 672 4147 cum
687 4084 764 4146 Pith,
778 4094 809 4145 et
822 4081 984 4152 Heuninio,
997 4084 1082 4160 prob.
1095 4082 1210 4143 Wekel'.
1224 4084 1263 4145 sd

114 4186 235 4249 Lucret.
252 4189 316 4261 111,
332 4197 402 4257 721.
417 4200 447 4251 et
461 4189 514 4260 IV,
532 4186 619 4249 1264.
632 4186 685 4247 ubi
698 4186 774 4247 hsnc
787 4183 947 4246 flexibilem
960 4182 1090 4263 eorporis
1101 4183 1262 4247 mollitudi-

115 4426 393 4541 gkcpmhmembmm
410 4428 484 4487 virile,
499 4437 595 4490 propter
610 4425 807 4493 magnitudinem,
827 4426 925 4477 Omnib.
943 4434 966 4475 et
985 4423 1064 4476 Gloer.
1080 4424 1107 4475 in
1121 4427 1174 4479 rod,
1190 4427 1263 4477 Ala.

209 4506 225 4540 e
509 4516 511 4521 ,
