3100 5250
405 494 457 559 IN
478 494 643 561 IUVEN.
669 494 769 563 SAT.
797 494 892 561 XIV.
1060 514 1068 525 ¹·
1155 503 1220 567 545

88 668 139 731 Scrl
149 678 276 747 propser
288 667 375 730 simil.
387 667 442 729 loc
458 668 538 729 Pers.
547 669 585 739 V,
602 676 669 729 184.
697 669 812 750 (Labra
826 688 915 733 nores
927 668 1030 729 teritur
1043 670 1222 754 recutitaque,

86 770 291 859 scucumcisis
304 771 458 842 celebrata,
471 770 588 831 sabbata
596 772 703 854 pelles)
717 773 850 851 suspIcor
859 771 966 851 potius,
978 781 1095 851 postem
1106 794 1222 854 respex.

86 876 134 935 isse
145 874 186 933 ed
195 875 350 938 tristitim
363 886 395 936 et
403 874 526 955 jejunis,
540 895 608 954 quse
621 877 749 936 sabbatis
761 897 784 957 a·
797 874 910 935 Judoeis
930 875 1058 935 exerceri
1078 879 1222 955 putebant

86 977 215 1037 Romani.
259 978 344 1041 conf.
359 979 482 1038 Cussub.
503 978 542 1037 sd
563 978 641 1037 Pers.
661 978 683 1038 l.
695 977 715 1035 l.
741 978 793 1057 qui
813 976 1003 1048 existimabat,
1024 979 1081 1039 hoc
1101 1000 1161 1040 nou
1180 980 1221 1040 ite

86 1100 140 1139 esse
151 1080 394 1160 intelligendum,
415 1081 499 1160 quusi
520 1081 618 1141 omnis
635 1079 811 1141 Judaeorum
832 1082 951 1140 sabbata
971 1081 1029 1139 sInt
1046 1081 1148 1154 tristis,
1169 1084 1222 1143 sed

84 1193 191 1243 numm
206 1184 486 1263 superstitiosorum.
528 1184 651 1242 Romani
664 1193 763 1243 temen
777 1182 852 1243 illud
863 1182 918 1243 sibi
931 1185 1106 1260 persuasisse
1119 1184 1221 1247 viden·

84 1299 134 1349 tur.
158 1308 187 1347 v.
211 1288 295 1351 Suet.
316 1290 397 1367 Aug.
421 1287 469 1355 76.
491 1288 607 1348 Petron.
632 1286 762 1359 XXXV,
785 1286 813 1346 6.
838 1297 867 1346 et
891 1288 998 1349 JustIn.
1021 1288 1166 1360 XXXVI,
1191 1298 1219 1351 s.

83 1388 128 1445 An
140 1386 263 1446 robhto
276 1387 417 1447 dicuntur
429 1387 492 1447 dies
511 1387 579 1447 festi
592 1398 623 1447 et
640 1386 722 1447 ieriae
741 1385 879 1447 esurisles
899 1387 1092 1447 Judoeorum?
1135 1390 1219 1451 (lons.

82 1490 117 1551 sd
128 1490 182 1549 v1.
200 1499 272 1562 159.
286 1530 326 1543 -
339 1502 389 1564 97.
404 1494 506 1566 Quum
519 1493 618 1555 Judrei
632 1495 687 1553 sub
707 1492 792 1561 coelo,
808 1490 869 1569 (vel
883 1492 981 1571 potius
995 1493 1050 1552 sub
1064 1491 1113 1551 dio
1121 1514 1131 1565 ,·
1151 1513 1221 1553 num

82 1592 190 1670 templo
213 1614 277 1654 nou
299 1607 362 1655 erat
385 1594 521 1667 culmem
543 1594 634 1671 Ach.)
657 1605 688 1654 et
708 1593 784 1654 illud
808 1592 999 1672 suspicientes
1022 1574 1238 1673 precarentur,¹

83 1696 207 1755 unuani
221 1699 374 1775 putabunt,
394 1697 492 1776 ipsum
505 1699 544 1758 sb
556 1697 592 1757 iis
604 1698 699 1758 eoebtm
713 1694 848 1756 adorari:
872 1695 951 1755 unde
966 1696 1119 1756 Petronius
1133 1697 1221 1755 etism

81 1812 108 1870 p.
121 1793 192 1853 688.
209 1796 255 1854 ed.
270 1797 372 1855 Burm.
385 1816 439 1875 pm·
448 1797 551 1875 jocum
564 1796 647 1867 dixit,
670 1795 736 1857 illos
750 1794 810 1855 oceli
823 1816 945 1854 nummos
957 1796 1094 1855 advocare
1107 1794 1221 1855 curicis

81 1891 130 1962 lus,
143 1904 177 1953 et
192 1894 264 1955 Tsc.
279 1896 359 1956 Hist.
371 1896 411 1964 V,
425 1903 453 1954 5.
475 1896 542 1972 (ubi
555 1917 583 1954 v.
597 1896 694 1974 Lips.)
715 1896 813 1957 ,10ᾰωί
827 1906 913 1955 mente
932 1896 991 1955 sola
1012 1917 1148 1977 unumque
1167 1916 1219 1954 nn·

80 2010 136 2050 nen
149 1993 314 2073 intelligunt
326 2028 369 2042 -
381 2014 514 2051 summurn
527 1993 598 2051 iliud
609 1982 790 2063 et'oeternnrn,
812 2014 897 2074 neque
916 1996 1054 2066 mutabile,
1075 2017 1162 2075 neque
1176 1996 1219 2053 in-

79 2092 253 2154 tm'rmn:
275 2093 363 2172 igitur
382 2093 459 2152 nullu
478 2093 630 2152 simulacra
649 2094 764 2154 urbibus
780 2096 849 2166 ruis,
870 2096 969 2154 nedum
980 2097 1086 2175 templis
1098 2107 1170 2156 nint.
1190 2118 1220 2157 v.

78 2193 110 2249 sd
124 2191 189 2264 VI,
207 2198 277 2251 545.
299 2198 318 2229 “
334 2192 423 2251 Poeta
442 2191 539 2250 forsan
559 2191 664 2251 alludit
684 2191 722 2251 ed
741 2213 785 2263 es,
807 2213 873 2272 quae
895 2194 989 2253 Exorl.
1003 2195 1095 2264 XIII,
1110 2203 1158 2254 21.
1178 2196 1220 2254 le-

78 2300 196 2368 μυῖαι·
210 2290 248 2349 de
261 2291 396 2352 columns
408 2290 509 2350 nubis:
533 2291 621 2350 simili
640 2310 711 2352 vero
730 2292 842 2352 rstione
866 2292 1013 2353 Socratem
1028 2293 1109 2353 velut
1127 2297 1221 2355 nubes

80 2390 254 2449 morantem
275 2389 432 2468 sugillsbet
454 2391 666 2470 Aristophanes
675 2393 703 2462 ;'’
722 2391 799 2453 neh.
883 2391 954 2451 Coeli
974 2413 1082 2464 numen,
1103 2392 1220 2464 coelum,

81 2502 233 2570 umquam
245 2512 364 2553 numen.
393 2494 439 2555 cf.
455 2494 524 2553 Var.
538 2495 619 2554 lect
632 2528 675 2542 -
687 2502 736 2565 98.
747 2503 799 2565 99.
813 2495 901 2555 Poets
911 2495 984 2557 salse
994 2496 1075 2567 dicit,
1089 2498 1110 2557 J
1112 2478 1230 2569 udaeos,

82 2614 165 2654 cerne
185 2594 273 2654 suilla
292 2596 467 2667 abstinentes,
491 2616 556 2657 enm
572 2616 634 2657 non
652 2599 746 2677 magis
765 2597 931 2659 violandum
955 2595 1111 2674 censuisse,
1132 2622 1221 2682 quum

84 2691 250 2764 humanum,
265 2713 320 2754 uec
332 2694 455 2756 minoris
467 2696 623 2756 oestimssse
636 2715 712 2765 sues,
726 2715 816 2774 quum
828 2694 969 2757 homines.
1010 2699 1117 2759 Causas
1131 2699 1221 2780 hujus
1273 2767 1276 2772 ,

85 2796 155 2856 ritus
168 2798 295 2857 effenmt
309 2798 379 2857 Tse.
395 2795 474 2858 Hist.
488 2798 527 2868 V,
542 2803 570 2856 4.
590 2809 621 2857 et
636 2797 771 2857 meliores
785 2797 937 2859 Michaelis
950 2799 1016 2859 Jur.
1031 2802 1105 2860 Mos.
1121 2801 1136 2878 §
1151 2811 1219 2864 808.
1286 2856 1292 2863 .
1344 2829 1346 2834 ·

87 2894 167 2954 conc
192 2915 259 2975 sup.
280 2896 319 2956 ed
340 2896 397 2967 VI,
423 2903 489 2960 159.
502 2931 545 2944 -
558 2904 607 2967 99.
624 2896 767 2975 preputio
784 2906 915 2976 ponunt.-
936 2917 1004 2956 num
1028 2899 1222 2960 circumcidere
1318 2933 1328 2950 ·
1356 2915 1374 2944 ’-

85 2998 218 3076 genitalia
236 2999 388 3072 instituere,
412 3008 442 3058 ut
462 2999 622 3061 diuersitate
644 3008 802 3070 nmcnntm,
824 3000 893 3060 Tac.
916 3000 994 3060 Hist
1012 3000 1050 3071 V,
1065 3007 1092 3062 5.
1106 3036 1148 3050 -
1163 3009 1220 3063 100

88 3115 141 3176 seq.
156 3101 228 3159 Tne.
243 3100 322 3160 Hist.
337 3101 374 3172 V,
386 3109 415 3159 4.
428 3121 473 3180 pr.
485 3101 594 3171 ,Mosen
609 3099 714 3178 inquit,
728 3119 783 3179 quo
795 3099 849 3158 sibi
859 3099 888 3158 in
898 3109 1039 3179 posterum
1047 3110 1156 3181 gentem
1158 3105 1220 3180 fir·

88 3209 179 3275 neret,
193 3221 278 3261 novor
289 3201 363 3262 ritus
374 3203 582 3282 contrariosque
594 3203 693 3262 ceteris
704 3201 866 3262 mortalibus
879 3202 980 3262 indidit
995 3227 1007 3264 .·
1024 3204 1151 3284 profana
1163 3207 1222 3267 illic

88 3301 182 3372 unna,
196 3323 261 3381 φα
273 3303 351 3382 opud
363 3323 413 3361 rior
422 3323 530 3369 sacrm
552 3321 664 3360 rursum
677 3323 806 3363 concessa
819 3304 981 3382 opsidibus,
1002 3325 1065 3384 qum
1083 3306 1160 3366 nobis
1177 3307 1220 3367 in·

87 3408 163 3457 ceta.
211 3399 330 3480 Etosp.
344 3408 371 3460 5.
406 3399 638 3480 Nequidquam
659 3401 741 3480 prius
755 3401 924 3471 imbuuntur,
948 3423 1030 3482 quarn
1053 3413 1222 3468 contemnere

89 3501 154 3574 deos,
167 3523 270 3564 mere
277 3503 413 3584 patr-ianr,
429 3512 571 3584 parentes,
591 3503 700 3573 liberem
713 3503 840 3582 fratres,
854 3505 921 3563 cilia
935 3505 1043 3567 babere.
1085 3510 1129 3568 Cf.
1145 3510 1220 3570 Plin.

90 3600 171 3675 XIII,
188 3612 217 3664 4
230 3612 498 3675 -101.nrstunnt,
517 3605 653 3684 religiose
673 3606 836 3676 observant,
859 3607 909 3683 (ut
926 3607 1002 3668 forte
1017 3629 1043 3668 v.
1059 3609 1122 3690 96.)
1144 3611 1220 3690 inpr.

90 3707 124 3764 ob
135 3719 247 3770 meeum
259 3729 423 3788 penarum.
470 3717 526 3769 102
543 3730 601 3790 seq.
622 3709 706 3768 conr.
721 3707 790 3767 ver.
805 3692 887 3770 ieet.
900 3747 941 3761 -
957 3719 1023 3773 ros.
1042 3722 1108 3774 104.
1123 3715 1221 3778 Judaer

89 3821 143 3864 uon
154 3810 212 3868 nisi
224 3810 245 3869 J
246 3810 338 3870 udaeis
351 3809 412 3868 ulle
424 3819 564 3889 pressent
575 3809 687 3879 officim
708 3829 762 3868 non
782 3816 937 3869 monstrare
956 3811 1049 3872 solent
1069 3813 1118 3872 rel
1137 3833 1221 3873 mon·

91 3913 176 3968 strum
195 3907 258 3966 nius
277 3910 441 3969 errantibus
463 3909 554 3984 (conf.
576 3909 636 3967 Cic.
658 3907 717 3967 off.
739 3908 765 3976 I,
787 3906 832 3967 16.
853 3919 883 3968 et
897 3909 1038 3988 Diphilus
1050 3931 1097 3989 sp.
1111 3911 1220 3972 Athen.

92 4001 140 4076 VI,
152 4017 181 4078 9.
196 4028 248 4068 seu
262 4011 327 4088 85.)
343 4005 390 4067 rel
402 4007 502 4086 fontes
522 4027 664 4086 aquarum
685 4009 821 4086 (quarum
838 4009 962 4086 penuria
974 4009 1088 4069 laborat
1100 4011 1121 4070 J
1123 4013 1220 4092 udaes)

92 4105 258 4182 sitientibus,
279 4112 335 4170 nisi
347 4112 442 4171 eudem
454 4130 539 4170 socru
552 4109 710 4181 colentibus,
730 4111 865 4171 eumdem
884 4112 1088 4190 profitentibus
1103 4114 1220 4194 religio-

93 4222 161 4278 nem,
175 4220 207 4269 et
219 4210 320 4289 serpis,
335 4209 364 4268 h.
378 4231 403 4270 er
417 4208 550 4279 Judoeis3
572 4209 625 4287 qui
637 4207 715 4287 nerpi
728 4209 868 4269 dicuntur
881 4231 899 4270 s
912 4230 1008 4290 verpa,
1029 4213 1172 4284 verendis,
1187 4227 1221 4274 ut

92 4307 204 4378 recutiti,
226 4308 397 4368 circumcisi.
423 4310 466 4386 (r.
487 4305 593 4385 scalig.
614 4305 766 4367 decausis
787 4307 859 4386 ling.
882 4308 946 4367 Lat.
967 4310 993 4380 1,
1014 4313 1078 4389 28.)
1101 4311 1221 4373 Tacitus

93 4405 162 4472 Hirr.
176 4411 215 4483 V,
231 4419 258 4473 5.
278 4412 449 4483 Jsdaeorurn,
463 4410 567 4492 inquit,
581 4407 769 4470 mnetoerdta
783 4411 813 4470 in
824 4418 945 4490 promtu,
956 4414 1005 4472 sed
1017 4414 1151 4474 aduncus
1163 4436 1220 4474 om-

95 4521 135 4564 res
155 4508 227 4570 ulios
248 4509 343 4571 bostile
355 4509 446 4570 odium
459 4532 471 4570 .·
490 4507 615 4587 separati
636 4507 735 4588 epulis,
754 4507 869 4570 discreti
887 4508 1022 4570 mbilibus
1039 4522 1094 4571 cet.
1136 4513 1219 4572 Conf.
1292 4579 1301 4610 s
