3100 5250
437 491 489 557 m
509 490 675 559 Juvau.
700 494 800 559 sur.
824 495 902 560 vn.
1090 457 1094 470 ’
1183 502 1249 561 oso

88 660 214 721 nedum
227 662 356 723 libenter
368 682 402 723 ac
416 651 545 725 studiose
558 664 668 735 audiet,
681 664 821 736 Basilum,
836 666 891 726 etsi
905 664 973 725 dene
992 666 1135 737 dicentem,
1158 668 1250 728 diaer-

88 760 277 849 tisainaum?
320 762 367 823 Da
380 760 481 823 Basilo
495 784 522 823 v.
536 764 574 823 ad
589 766 628 837 X,
643 774 711 825 222.

135 867 323 933 147-149.
346 860 440 921 Gallio
454 862 499 922 uel
506 863 601 941 potiar
614 864 716 944 Asrioo
730 864 861 943 occipiat,
874 864 1004 943 recipiat,
1027 871 1064 933 te,
1087 863 1118 923 h.
1138 884 1164 923 e.
1184 885 1251 925 eam

87 974 181 1041 petre,
197 986 237 1025 eo
250 976 282 1026 te
294 964 436 1044 recipe,ai
451 955 623 1046 violingue,
638 967 770 1029 facultati
791 979 851 1027 tuoe
870 968 1013 1039 oratorie,
1033 968 1182 1027 mercedem
1198 988 1250 1050 po-

87 1086 181 1137 nere,
196 1068 329 1147 pretium
342 1080 475 1138 statuere,
498 1069 547 1146 (ut
562 1068 616 1127 Gr.
636 1068 731 1128 τιθέναι
751 1067 852 1138 ἄεθλα,
876 1089 1049 1148 proponere,
1075 1070 1251 1132 oonotituere

87 1171 248 1249 proemia)
262 1170 291 1229 lr.
305 1192 329 1230 e.
341 1171 431 1249 digna
444 1182 475 1231 et
488 1171 586 1249 ampla
598 1170 772 1250 eloquentie
793 1173 914 1250 praemia
938 1192 1070 1251 querere
1090 1193 1126 1232 ac
1149 1194 1250 1234 conse·

86 1268 161 1347 qui.
210 1270 247 1327 ln
263 1268 359 1327 Gallia
371 1280 403 1329 et
416 1270 519 1329 Africa
538 1271 660 1349 viguere
681 1270 849 1349 eloquentia
867 1285 957 1351 atque
979 1273 1149 1333 omtorasffl
1171 1322 1174 1327 .
1189 1274 1251 1333 Sed

90 1366 205 1425 malim
218 1366 249 1427 lr.
262 1366 282 1424 l.
297 1366 340 1426 ita
360 1367 560 1447 interpretari:
585 1368 682 1427 Gallis
706 1370 752 1427 vel
778 1370 880 1429 Africa
903 1370 1034 1448 occipiat,
1059 1372 1251 1431 conducat-te

92 1476 270 1544 pauonum,
283 1465 325 1524 ad
338 1476 369 1525 te
382 1486 483 1527 musas
497 1467 619 1541 deierat,
635 1470 684 1546 (ut
699 1469 766 1529 Afri
780 1469 819 1528 ad
834 1469 961 1528 Plinium
982 1469 1134 1541 minorem,
1156 1490 1250 1548 quam

95 1568 237 1658 Marium
249 1568 385 1628 Priscum
402 1570 484 1629 Proc-
499 1570 537 1629 de
550 1572 682 1649 pecuniis
695 1572 868 1651 repetundis
879 1572 1069 1651 postularent,
1089 1574 1128 1632 de
1147 1594 1209 1652 quo
1221 1594 1249 1633 u.

99 1666 186 1725 Plin.
201 1667 255 1745 Ep
269 1667 313 1736 11,
330 1670 393 1746 ll.)
408 1668 433 1729 si
446 1669 544 1748 ampla
557 1671 730 1750 eloquentiae
743 1671 866 1750 proemia
877 1672 1026 1751 postulare
1046 1674 1130 1751 cupis
1150 1685 1181 1732 et
1200 1692 1249 1733 ao-

99 1770 223 1849 cipere3
241 1764 378 1849 qnm'tibi
392 1772 594 1849 provinciales,
610 1794 669 1833 non
686 1774 820 1844 Romani,
841 1774 963 1835 dabunt.
1045 1776 1199 1836 Natricrrlo
1218 1786 1251 1836 et

97 1868 201 1927 rainu
220 1870 318 1931 munis
339 1890 386 1931 res
406 1870 524 1942 dieitur,
548 1892 615 1952 quie
638 1893 692 1934 nos
715 1864 810 1934 nu‘trit
832 1885 864 1934 et
885 1873 949 1947 ulit,
973 1885 1007 1935 ut
1033 1874 1086 1933 Gr.
1110 1878 1196 1956 τροφὸς
1217 1886 1254 1936 at

99 1968 235 2039 ”SM
1166 2036 1174 2053 ,
1251 2019 1256 2047 r

144 2076 319 2129 1⁵0—214.
337 2070 458 2130 Jamde
483 2071 662 2142 litator-idus,
686 2083 716 2133 et
736 2093 764 2132 v.
790 2079 964 2133 ert-243.
986 2073 1025 2132 de
1053 2073 1251 2135 Grammaticis

100 2172 170 2251 agit
183 2182 276 2251 poeta,
290 2173 438 2251 dooetque
451 2192 552 2233 eorum
572 2174 702 2233 laborem
722 2175 856 2234 omnium
878 2195 941 2236 esse
963 2174 1200 2237 molestissimum
1217 2190 1252 2237 et

102 2276 275 2337 vilissimam
297 2277 473 2337 mercedem.
525 2277 669 2337 Praeolaro
692 2288 723 2337 et
746 2277 1029 2337 eonsummatiasima
1051 2278 1176 2355 pictura,
1200 2280 1251 2337 oui

101 2376 324 2456 exquisitissimi
349 2376 459 2437 oolorea
481 2376 595 2437 inducti
618 2387 696 2447 sunt,
718 2398 794 2455 quoa
816 2377 879 2435 iere
902 2375 1034 2455 singulos
1057 2377 1098 2435 ad
1119 2377 1250 2458 iniquam

99 2480 300 2559 miseramque
314 2478 511 2540 oonditionem
524 2500 636 2549 eorum,
661 2478 713 2557 qui
735 2489 835 2538 nostra
859 2488 945 2539 letata
965 2476 1109 2557 puerilem
1133 2490 1251 2539 aetatem

99 2592 195 2662 atque
222 2582 411 2662 juventutem
431 2581 632 2644 scholasticam
651 2580 690 2641 sd
714 2580 926 2642 humanitatom
946 2580 1115 2652 informant,
1140 2581 1245 2642 adum·

100 2683 257 2742 brendam
276 2682 424 2742 ormfeni
445 2702 540 2761 posse,
565 2681 713 2760 quianon
738 2681 840 2742 videt?
866 2717 906 2729 -
932 2686 999 2740 150.
1021 2701 1049 2740 v.
1075 2680 1143 2740 Var.
1164 2681 1249 2743 Lect-

101 2785 293 2856 Declamare,
305 2783 333 2843 h.
346 2804 372 2843 e.
393 2783 607 2844 eremitationis
627 2803 714 2844 causa
734 2783 832 2844 ‹Euere
856 2792 886 2841 et
906 2797 1088 2861 argumenta,
1112 2783 1160 2842 vel
1181 2785 1250 2844 ficta
1273 2823 1280 2836 ·

102 2880 158 2940 vel
176 2900 253 2951 vera,
268 2880 392 2942 themata
415 2882 478 2944 sive
500 2882 606 2952 theses,
626 2893 761 2954 tractare,
787 2882 881 2940 doemt
905 2881 1055 2940 Rhetoras
1134 2889 1250 2968 pertore

90 2982 212 3061 ser-reo,
227 2983 322 3043 omnia
334 2983 442 3045 laboris
463 2983 673 3062 patientissima
695 2997 726 3046 et
745 2983 842 3044 omnis
864 2983 927 3043 sere
947 3003 1048 3042 sensns
1071 2983 1252 3061 affectusque

101 3081 257 3161 expertia,
279 3079 378 3159 qualis
401 3080 510 3141 debent
533 3101 595 3141 esse
621 3081 798 3146 Rhetoribm
822 3083 989 3160 nostrisque
1011 3081 1104 3140 [etatis
1126 3080 1254 3158 puerilis

102 3177 263 3258 magistris.
277 3197 307 3235 v.
322 3177 363 3236 ed
376 3176 401 3246 1,
417 3183 465 3239 31.
555 3177 663 3238 Vertite
676 3177 853 3243 durissimus
867 3180 987 3249 Rhetor,
1006 3179 1082 3238 forte
1101 3177 1190 3248 idem,
1211 3177 1252 3236 de

104 3301 167 3360 quo
190 3279 266 3340 Plio.
290 3279 410 3350 xxlx,
436 3286 471 3344 1.,
520 3278 627 3342 Vettius
658 3281 759 3340 Valens
782 3282 922 3341 oduderio
948 3280 1113 3340 Messalino
1135 3279 1254 3340 Claudii

108 3381 237 3442 Coeaoria
250 3381 409 3466 nobilitatur
419 3381 581 3462 pariterque
594 3383 751 3462 eloquentie
763 3383 920 3442 adsectator
928 3380 1002 3459 suit.
1016 3382 1045 3440 h.
1058 3381 1078 3439 l,
1100 3401 1155 3460 pro
1175 3402 1253 3472 qu07

106 3478 156 3539 via
172 3479 304 3540 Rhetore
346 3480 392 3538 cf.
409 3479 476 3539 Var.
490 3480 571 3540 Lent.
585 3515 628 3528 -
650 3487 717 3540 151.
740 3478 849 3538 Classis
869 3497 1014 3538 numeroau
1030 3478 1144 3558 perimit
1163 3499 1250 3539 eaeuoa

104 3587 246 3658 tyrannos
257 3579 334 3639 diota
348 3579 410 3639 fere
423 3589 501 3649 sunt,
516 3590 551 3640 ut
565 3579 590 3650 l,
604 3578 650 3639 16.
664 3577 807 3638 eonsilium
817 3577 941 3636 dedimus
954 3577 1051 3647 Suttoe,
1065 3588 1097 3638 ut
1109 3589 1164 3640 eet
1179 3600 1247 3658 pro:

106 3674 216 3752 ingens
228 3675 440 3754 discipulorum
455 3695 595 3735 numerus
608 3675 761 3746 declamat,
775 3673 823 3734 vel
836 3672 938 3734 recitat
951 3675 1094 3735 orationes
1113 3675 1153 3735 de
1171 3676 1250 3754 peri-

105 3775 231 3834 mendis
242 3778 371 3855 tyrannis
379 3800 390 3848 ;
409 3778 492 3856 quod
504 3777 603 3838 imma
617 3777 727 3837 Rhetor
740 3776 799 3836 illia
816 3778 1001 3838 metandum
1021 3777 1149 3838 dederat
1191 3779 1252 3837 Tot

105 3877 334 3940 declamationes
348 3891 379 3940 et
399 3880 520 3958 quidem
540 3879 673 3960 ejusdem
693 3879 869 3959 argumenti,
893 3880 991 3964 ioman
1014 3893 1045 3940 et
1067 3879 1213 3940 dictitatas
1232 3901 1251 3939 o

102 3981 258 4061 magistris
270 3981 479 4061 memoriaeque
491 3981 622 4055 trarlitas,
638 3982 704 4061 quis
717 3981 862 4060 patienter
878 3981 987 4050 audiat,
1007 3981 1064 4040 nisi
1083 3983 1254 4062 χαλκεοκάρ.

102 4083 156 4148 ὄιος
180 4091 212 4141 et
235 4083 387 4164 σιδηρόφρων,
412 4080 461 4140 oui
481 4083 572 4140 robur
596 4091 627 4140 et
647 4100 687 4140 aea
700 4079 809 4158 triplex
822 4077 933 4138 circum
947 4089 1052 4157 pectus
1066 4078 1126 4138 siti
1149 4081 1250 4159 Argu·

100 4191 208 4240 muta
219 4199 341 4262 quoque
348 4199 450 4239 esrum
463 4180 634 4260 spectabant
647 4180 709 4238 fers
718 4179 757 4238 orl
768 4177 870 4248 vitam,
881 4197 977 4238 morea
987 4187 1018 4236 et
1025 4178 1102 4237 faeta
1115 4177 1254 4250 heroum,

132 4362 328 4420 ⁸v.arll,4⁴.
344 4364 406 4422 XV,
425 4369 480 4414 111.
507 4363 610 4422 Quintil.
631 4363 665 4422 X,
730 4365 748 4393 ¹¹
774 4363 814 4426 Cf.
839 4361 981 4426 Weaaeliog.
1005 4362 1074 4412 Obsa
1106 4362 1144 4422 ll,
1169 4369 1252 4416 17..at

104 4437 125 4478 1.
139 4430 216 4478 Voea.
231 4427 263 4476 de
277 4430 377 4478 libetur.
394 4430 421 4476 in
442 4430 514 4482 l'nel.
534 4441 558 4482 et
577 4429 665 4481 Primi
700 4429 784 4480 Barth.
796 4427 828 4479 ad
842 4429 920 4479 llutil
932 4443 956 4490 p.
972 4433 1015 4479 89.

102 4495 180 4544 rrae
190 4495 219 4543 in
233 4494 339 4554 Quintil.
355 4494 465 4546 Declam-
