3100 5250
269 487 329 544 134
638 479 1031 548 COMMENTARIUS

267 653 461 732 Naturgesclr.
476 656 529 713 der
541 653 646 715 Fische
655 655 874 718 Deutsohlands
888 657 924 717 T.
936 659 960 717 1.
974 679 1003 736 p.
1020 661 1106 737 247.)
1119 657 1209 736 piscis
1221 657 1416 736 longitudine

159 785 162 792 ·
267 757 341 824 XII,
357 755 395 814 sd
409 775 557 814 summum
572 755 630 814 XV
643 757 816 836 digitorum,
830 758 914 819 nobis
928 758 979 819 der
991 759 1150 838 longborl·”
1276 819 1279 824 ,

307 855 438 916 34—86.
455 855 561 916 Faceta
581 857 735 915 Musarum
748 856 894 917 invocatio
906 859 936 916 in
951 878 983 917 re
996 857 1119 918 ridicula
1133 869 1163 918 et
1176 857 1237 930 vili,
1258 869 1414 936 tamquam

265 957 359 1035 gravi,
374 958 449 1016 seris
462 979 496 1016 ac
509 957 629 1027 difficili,
643 968 679 1017 ut
690 978 738 1035 sp.
753 957 876 1018 Homer.
892 957 1025 1018 Botraeh.
1039 965 1093 1019 v.l
1108 978 1167 1038 seq.
1183 969 1213 1018 et
1229 957 1333 1017 Horat.
1349 959 1412 1018 sar.

268 1062 293 1132 Ι,
309 1068 338 1131 5,
354 1069 389 1121 51
407 1081 468 1140 seq.
482 1079 556 1140 quos
568 1059 743 1144 recentiores
755 1073 852 1141 poetae
872 1060 976 1121 imitati
991 1073 1068 1122 sunt.
1111 1062 1157 1120 Ita
1177 1079 1280 1121 omnes
1298 1072 1413 1140 poetas,
1509 1119 1510 1136 ,

267 1163 318 1239 qui
333 1162 495 1220 carminum
509 1181 630 1221 suorum
643 1161 770 1222 exordiis
783 1162 888 1223 Musas
897 1162 1150 1241 invooenteasque
1159 1181 1263 1222 maere
1273 1162 1413 1241 jubeant,
1509 1205 1510 1222 2

266 1266 402 1326 vanitatis
414 1266 500 1345 argui
512 1277 614 1326 monet
628 1266 735 1345 Rigalt.
835 1265 961 1346 Calliope
980 1285 1035 1344 pro
1058 1263 1195 1325 omnibus
1215 1265 1321 1337 Musis,
1344 1267 1414 1344 quis
1509 1305 1510 1336 ι

266 1367 404 1446 princeps
416 1385 518 1425 earum
538 1376 591 1436 est,
613 1366 795 1447 ugoprpmoim
816 1365 941 1436 ansius,
968 1365 1092 1425 Hesiod.
1107 1375 1141 1425 Θ.
1156 1373 1204 1436 79
1246 1365 1291 1424 Cf.
1304 1365 1344 1424 ad
1359 1364 1413 1424 Sil.

268 1467 328 1537 Ill,
343 1474 413 1527 222.
428 1465 501 1525 ΧΠ.
516 1474 585 1536 890.
599 1465 684 1545 Virg.
693 1467 762 1528 AEn.
778 1467 833 1535 IX,
846 1473 915 1526 525.
928 1466 965 1526 al.
1047 1464 1109 1524 lieet
1119 1473 1146 1526 et
1155 1465 1304 1534 mnridere,
1317 1466 1413 1524 instar

263 1571 404 1650 judicum·
414 1581 467 1630 aut
479 1591 591 1640 eorum,
606 1569 658 1649 qui
672 1571 720 1630 vel
733 1570 771 1630 de
784 1590 817 1630 re
831 1570 930 1649 magni
944 1570 1086 1629 momenti
1099 1568 1271 1638 deliberant,
1292 1567 1340 1626 vel
1354 1568 1412 1626 im·

265 1687 417 1735 morantur
432 1674 463 1733 in
476 1695 508 1734 re
522 1674 618 1753 gravi,
632 1694 699 1753 quse
712 1693 825 1733 moram
838 1673 968 1753 postulat
982 1684 1013 1732 et
1025 1673 1225 1733 attentionem.
1308 1691 1363 1729 sos
1372 1679 1414 1730 est

266 1777 445 1845 eorundum,
459 1786 494 1835 ut
508 1776 537 1834 in
553 1794 584 1835 re
594 1773 716 1845 ludicra,
730 1784 783 1834 sut
795 1776 863 1835 fieta
876 1785 907 1835 et
919 1773 1059 1847 fabulosa,
1075 1793 1142 1853 quoe
1160 1795 1178 1833 a
1195 1771 1289 1852 poetis
1302 1771 1413 1834 docan-

267 1875 322 1935 tari
336 1874 418 1935 solet.
459 1875 509 1934 Sic
528 1883 644 1934 casare
664 1894 720 1952 pro
739 1874 861 1952 fingere,
881 1874 950 1934 fieta
963 1893 1067 1934 canem
1080 1873 1132 1932 inf.
1147 1872 1186 1944 X,
1205 1879 1268 1940 178.
1363 1891 1414 1930 res

266 2000 333 2038 uera
347 1980 466 2059 rugitum
488 1981 574 2059 eujus
586 1990 684 2038 tamen
699 1977 805 2037 veritas
825 1997 885 2036 non
906 1976 1025 2038 aliunde
1045 1987 1166 2036 constat.
1267 1974 1411 2044 Pierides,
1509 2039 1510 2059 χ

267 2071 366 2140 notiss'
382 2081 668 2151 Musarum-nomen,
688 2100 707 2138 a
721 2089 822 2138 monte
836 2077 1028 2148 Macedoniae,
1042 2077 1078 2136 iis
1092 2096 1181 2136 sacro.
1223 2076 1269 2136 Cf.
1283 2075 1321 2134 ad
1336 2075 1414 2145 Vll,
1509 2121 1510 2126 1

268 2187 297 2239 8.·
312 2187 359 2240 58.
375 2188 423 2250 59.
500 2181 593 2260 prosit
612 2179 697 2252 mihi,
719 2180 768 2257 (ut
780 2198 828 2257 ap.
843 2177 926 2256 Virg.
943 2179 1013 2238 AEn.
1036 2177 1090 2248 IX,
1106 2178 1171 2255 98.)
1185 2177 1215 2237 h.
1228 2197 1255 2235 e.
1276 2177 1413 2256 propitiae

266 2279 339 2338 mihi
354 2280 416 2339 sitis
429 2281 477 2340 vel
490 2291 656 2359 propterea,
674 2278 756 2359 quod
777 2299 829 2338 vos
852 2277 977 2338 dixerim
995 2277 1118 2358 puellus,
1139 2277 1221 2358 quod
1234 2296 1288 2338 vos
1307 2277 1414 2336 honori
1509 2315 1510 2354 3

268 2383 422 2455 habebitis,
434 2404 527 2464 quum
540 2397 602 2444 tam
614 2403 680 2443 rara
692 2402 773 2442 nunc
787 2383 845 2441 sint
858 2393 944 2444 castae
953 2380 1130 2460 virginitatis
1142 2379 1289 2460 exempla,
1305 2401 1413 2459 quum-

268 2505 327 2564 que
336 2486 399 2565 jam
416 2486 521 2545 vetulae
536 2485 599 2544 sitis
611 2496 643 2544 et
654 2506 673 2543 a
685 2483 781 2562 poetis
793 2484 831 2542 ab
844 2480 1053 2562 antiquissimis
1061 2480 1132 2540 inde
1142 2480 1414 2560 temporibusama·

269 2600 318 2656 te,
334 2585 390 2643 'vel
404 2604 497 2663 quum
510 2584 585 2643 adeo
597 2603 657 2644 non
670 2582 827 2653 defuerint,
849 2582 901 2661 qui
921 2601 974 2641 vos
994 2580 1108 2641 vitiatas
1128 2599 1190 2641 esse
1203 2579 1414 2642 affirmaverint

267 2694 298 2744 et
309 2683 416 2742 liberos
429 2682 585 2761 peperisse.
628 2682 713 2741 Ratio
725 2682 912 2761 lepidissima
934 2730 940 2737 .

309 2796 358 2853 37.
372 2795 420 2847 88.
444 2792 591 2848 Accurate
603 2797 721 2864 tempus
734 2787 914 2866 designatur,
936 2799 971 2847 ut
991 2790 1029 2847 ab
1044 2786 1199 2859 historicis,
1222 2809 1269 2849 res
1288 2808 1414 2869 magnas
1509 2820 1510 2825 1

267 2892 433 2971 dignasque
456 2889 597 2948 memoria
615 2886 796 2958 narraturis;
818 2898 848 2947 et
871 2888 1062 2967 magnificum
1074 2900 1128 2950 'est
1147 2888 1312 2975 exordium,
1333 2903 1413 2949 tam-

266 3016 355 3076 quam
370 3016 417 3055 res
430 2991 633 3053 memorabiles
646 3001 677 3050 et
689 2990 840 3070 grandiori
851 2990 968 3051 dioendi
981 3010 1090 3071 genere
1099 2992 1291 3053 memoraturi.
1363 3013 1413 3051 se·

267 3100 427 3160 unianimam
450 3098 552 3167 orbern,
575 3096 731 3175 imperium
760 3094 849 3155 Rom.
869 3095 981 3156 saevitis
1006 3096 1169 3175 inertiaque
1196 3097 1415 3177 Imperatorum

266 3199 404 3257 afflictum
423 3210 512 3278 atque
532 3196 716 3256 exhaustum.
798 3193 917 3253 uaria
936 3192 1056 3265 ultimus,
1079 3194 1276 3267 Domitianus,
1296 3207 1414 3275 postre-

266 3318 334 3356 mus
346 3319 364 3356 e
376 3309 465 3377 gente
480 3298 504 3355 F
505 3297 583 3356 lavia
595 3308 627 3356 et
639 3295 726 3356 simul
743 3294 866 3355 ultimus
880 3295 1036 3356 Caesanrm.
1079 3294 1171 3355 Vetus
1191 3295 1288 3355 Schol.
1310 3294 1415 3355 laudat

266 3390 320 3459 hos
340 3419 458 3460 versus:
489 3400 591 3459 Flavia
613 3420 693 3479 geas,
714 3407 846 3478 quantm
865 3397 915 3457 libi
937 3399 1037 3457 terrim
1053 3398 1167 3459 obstulit
1180 3399 1281 3459 ireres?
1323 3376 1414 3459 Poeire

254 3500 321 3580 fait
341 3494 423 3569 tanti,
444 3520 497 3557 nos
516 3501 646 3559 loduime
670 3500 762 3559 duos:
783 3500 822 3559 de
844 3519 969 3579 quorum
990 3510 1108 3559 auctore
1131 3520 1161 3558 v.
1185 3498 1366 3559 Wernsdorf
1380 3500 1415 3557 in

267 3598 348 3659 Poet.
369 3598 435 3658 Lat.
455 3597 526 3657 min.
552 3598 587 3657 T.
611 3598 669 3656 111.
691 3620 721 3677 p.
746 3605 795 3668 95.
877 3598 994 3657 serviret
1017 3612 1094 3657 eum
1110 3597 1227 3659 delectu
1251 3598 1361 3659 dicitur
1382 3609 1415 3657 et

264 3712 400 3782 respectu
424 3700 551 3760 nominis
571 3700 696 3770 Domini,
716 3702 755 3760 de
778 3718 838 3780 quo
862 3722 891 3760 v.
914 3703 994 3763 Suet.
1015 3701 1104 3761 Dom.
1125 3721 1150 3761 c.
1173 3710 1218 3762 13.
1302 3702 1414 3761 Neroni

264 3804 348 3864 alteri
364 3803 413 3880 (ut
426 3800 517 3861 Paris
528 3821 574 3880 ap.
590 3800 673 3880 Virg.
689 3803 758 3862 AEn.
775 3802 829 3872 lv,
844 3804 928 3881 215.)
949 3813 980 3862 et
997 3801 1118 3879 quidem
1137 3801 1215 3861 caluo
1223 3823 1238 3869 ,·
1258 3802 1414 3862 acerbissi-

264 3924 332 3964 mus
351 3922 477 3972 morsus,
498 3910 619 3979 propter
632 3920 721 3979 quem
741 3900 773 3958 in
794 3900 929 3961 exsilium
950 3900 1160 3979 AEgypuacum
1182 3922 1199 3961 a
1222 3900 1348 3961 Claudio
1374 3902 1414 3978 (s.

265 4007 370 4087 Calvo)
386 4006 505 4065 Nerone
519 4005 643 4065 missum
655 4023 719 4063 esse
732 4004 916 4073 Juvenalem,
937 4024 1092 4084 perperam
1109 4005 1200 4065 tradit
1213 4016 1298 4064 vetus
1312 4004 1414 4065 Schol.

263 4107 346 4166 adh.
360 4106 380 4165 1.
394 4118 425 4166 et
439 4106 480 4165 ad
493 4104 567 4176 Vll,
582 4112 631 4174 92.
650 4124 719 4163 nam
734 4123 771 4162 ex
785 4104 843 4163 tine
863 4104 952 4184 hujus
972 4104 1031 4189 Sat.
1052 4104 1236 4185 intelligitur,
1258 4106 1325 4163 eam'
1343 4116 1416 4182 post

263 4206 374 4265 cedem
388 4204 551 4265 Domitiani
572 4204 662 4264 fuisse
681 4204 829 4282 scriptam.
871 4205 1049 4285 comparant
1068 4218 1138 4265 nota
1155 4204 1281 4264 Ausonii
1301 4204 1415 4265 verbaa

266 4304 306 4363 Et
323 4304 406 4362 Titus
419 4304 528 4385 imperii
535 4304 616 4383 selis
637 4302 789 4362 merim:
811 4312 944 4383 sequutus
964 4304 1078 4375 Frater,
1099 4326 1178 4385 quem
1200 4302 1318 4363 calma
1339 4302 1416 4361 dizit

265 4426 317 4465 suo
342 4407 432 4465 Roma
456 4409 603 4467 Neronem.
646 4408 724 4465 Nam
749 4407 953 4467 Domitianum
977 4408 1074 4488 primo
1095 4408 1217 4488 quidem
1240 4405 1417 4485 pulchrum,

151 4560 157 4573 .
268 4519 369 4587 postea
383 4526 452 4566 vero
465 4508 626 4567 deformem
639 4509 729 4567 fuisse
750 4507 866 4568 calvitio
887 4529 980 4588 eoque
1001 4509 1127 4569 maxime
1147 4508 1300 4577 offensum,
1322 4506 1420 4567 stadt
