3100 5250
496 466 548 533 ru
570 468 733 537 Juvau.
758 466 861 541 aar.
881 446 913 537 i.
1237 478 1280 539 aa

129 640 251 701 Prata
260 640 380 721 judicet
391 658 452 702 non
464 644 567 721 magia,
582 664 670 724 quam
685 644 816 718 adedo,
833 665 909 705 uxor
921 645 1053 725 legitime
1066 648 1207 725 probroaa
1218 666 1279 707 uon

127 754 186 813 eat,
203 766 274 823 quae
287 756 396 825 peccat
409 744 480 805 clam
489 746 603 826 judice,
618 748 733 809 conscio
746 746 860 819 marito,
880 760 911 809 et
923 748 998 807 adeo
1010 746 1091 807 iatud
1105 759 1193 828 turpe
1206 768 1278 811 uxo·

126 862 202 901 rum
216 842 342 921 vulgar,
364 844 441 922 quod
459 842 508 902 hic
523 842 624 904 Satirae
638 845 745 907 acoleia
757 856 843 926 poeta
856 846 1021 915 insectatur,
1036 844 1134 905 edicto
1148 845 1280 925 Impera·

128 943 207 1001 toria
228 943 460 1023 haudquaquam
483 964 547 1003 erae
566 956 680 1023 poterat
701 946 872 1007 obnoxium.
912 944 1018 1021 Neque
1039 940 1159 1001 omnino
1181 944 1281 1004 verina

129 1034 195 1102 isto
210 1055 260 1103 est
272 1044 403 1117 alterum,
424 1046 504 1123 quod
520 1046 692 1107 scholiastes
704 1057 805 1107 narrat
823 1047 861 1106 de
879 1044 1110 1114 fideicommiaao,
1131 1064 1185 1123 per
1197 1046 1281 1123 quod

129 1164 252 1225 nempe
265 1148 338 1205 bona
350 1146 477 1207 adulteri
487 1146 651 1209 hereditate
666 1148 812 1209 venissent
824 1148 863 1208 ad
875 1147 1045 1210 adulteram.
1074 1147 1151 1206 Nam
1165 1156 1280 1225 postea·

132 1262 229 1321 quam
237 1246 394 1323 Augustus
408 1246 523 1324 primus
536 1247 568 1305 in
580 1248 810 1308 fideicommia'cia
818 1248 954 1327 jusserat,
970 1246 1111 1310 Consules
1123 1246 1281 1307 auctorita-

129 1350 194 1399 tem
208 1358 294 1400 auom
314 1341 512 1420 interponere,
535 1340 766 1423 conversumque
785 1344 817 1403 id
836 1344 977 1424 paulatim
998 1342 1113 1405 eratin
1134 1343 1280 1405 occiduam

127 1440 383 1520 jurisdictionem,
403 1453 438 1503 ut
460 1444 571 1505 Praetor
587 1446 674 1506 etiam
689 1446 826 1527 proprius
838 1457 993 1517 crearetur,
1014 1448 1068 1527 qui
1082 1446 1120 1507 de
1131 1446 1280 1509 fideicom-

132 1541 237 1637 miasie
257 1542 310 1621 jus
331 1542 448 1613 diceret,
468 1541 751 1606 fideicommiaaariua
770 1545 955 1625 appellatus:
978 1546 1020 1621 (v.
1042 1544 1184 1606 lnatitutt
1204 1544 1223 1603 l.
1239 1546 1279 1605 ll.

135 1642 185 1704 tit.
200 1651 249 1703 23.
265 1642 280 1719 l
295 1646 337 1723 l.)
358 1664 414 1705 nec
427 1645 649 1707 fideicommiaso
662 1668 737 1708 uxor
749 1646 834 1709 hereo
846 1660 962 1730 poterat
974 1649 1097 1719 inatitui,
1120 1649 1177 1709 niti
1190 1668 1282 1727 quam

134 1739 250 1801 directe
262 1740 371 1804 licebat
384 1740 544 1805 instituere.
587 1744 619 1805 Si
631 1744 696 1807 talia
710 1764 785 1805 uxor
798 1746 864 1835 fuit,
885 1766 952 1826 qua·
970 1766 1030 1807 non
1048 1746 1118 1826 jare
1135 1744 1280 1807 heredita·

133 1852 194 1904 tem
208 1852 311 1922 pom
326 1864 442 1923 capere,
455 1846 564 1907 Frustra
576 1844 665 1925 plane
675 1846 789 1917 suimet,
804 1867 871 1926 qum
884 1847 922 1907 de
935 1846 1158 1909 fideicommiaao
1171 1846 1280 1908 voluis-

135 1958 178 2007 aet
189 1946 347 2026 postulare
360 1948 508 2020 maritum,
523 1948 548 2009 ai
562 1950 668 2021 forsan,
682 1942 759 2010 facti
772 1948 895 2030 posthac
907 1950 1044 2023 divortio,
1062 1960 1193 2029 negaret,
1214 1950 1281 2009 red·

135 2046 269 2107 diturum
282 2067 315 2107 ae
329 2046 531 2109 hereditatem.
573 2049 680 2109 Contra
699 2068 734 2109 ea
752 2048 841 2128 longe
860 2060 905 2110 eet
921 2048 978 2109 alia
995 2049 1077 2111 Juria
1096 2050 1172 2112 ratio
1190 2060 1280 2129 etque

139 2150 251 2211 diversa
265 2170 350 2211 mena
363 2152 490 2213 Satirici.
530 2152 613 2211 Bono
625 2150 752 2232 occipere
764 2164 819 2223 eat,
838 2151 978 2212 heredem
995 2173 1033 2213 ex
1045 2174 1109 2215 ame
1122 2153 1203 2213 beri:
1228 2172 1281 2213 no·

144 2274 200 2333 qne
213 2256 276 2314 aine
288 2255 318 2313 ri
338 2255 477 2336 singulari
491 2266 522 2316 et
537 2254 652 2316 delectu
671 2254 802 2334 potitum
821 2254 939 2314 videtur
958 2254 1094 2333 occipere,
1118 2255 1199 2333 quod
1211 2274 1282 2315 mox

143 2376 254 2436 capere,
274 2376 309 2415 ea
321 2358 412 2437 aliqua
424 2357 597 2429 differentia,
619 2368 653 2418 ut
673 2356 873 2435 qualicunque
892 2356 982 2415 modo
1000 2356 1181 2435 accipiam
1202 2356 1283 2435 quod

139 2456 264 2515 horrente
276 2476 375 2535 capere
387 2477 447 2517 non
460 2477 625 2537 possumne.
646 2476 674 2515 v.
690 2454 812 2515 Gesner.
826 2456 865 2515 ad
879 2454 955 2514 Plin.
970 2456 1042 2515 Pan.
1057 2454 1141 2528 LXI,
1157 2461 1185 2517 5.
1215 2455 1284 2517 Jam

140 2574 221 2621 raro.
238 2574 305 2632 qua
318 2574 353 2613 ex
368 2554 436 2635 lege
449 2554 664 2615 testamentaria
679 2552 808 2613 Voconia
827 2554 866 2612 ab
886 2550 966 2610 omni
983 2549 1145 2611 hereditate
1157 2550 1283 2613 excluse

145 2664 237 2722 mant,
255 2653 390 2714 mulieres
403 2673 464 2713 nou
477 2653 571 2732 magia
585 2653 672 2713 acribi
686 2665 723 2712 ex
735 2671 799 2712 asse
812 2651 974 2711 aecundum
989 2651 1110 2729 Papiam
1124 2651 1283 2730 Poppaeam

148 2767 284 2835 poterant,
304 2756 363 2816 nisi
379 2758 430 2837 jua
445 2755 603 2816 liberorum
618 2755 779 2825 haberent3
800 2753 852 2814 aed
864 2753 961 2812 mariti
975 2753 1063 2813 acribi
1074 2763 1219 2832 poterant,
1235 2754 1283 2814 vel

144 2856 267 2918 culinarii.
288 2877 318 2916 v.
335 2857 478 2918 Heinecc.
492 2858 531 2916 ad
544 2857 601 2934 leg.
617 2857 688 2936 Pap.
703 2849 797 2935 P'opp.
811 2875 841 2933 p.
856 2861 925 2922 291.
938 2860 1007 2923 293.
1052 2853 1179 2914 Maritua
1191 2855 1284 2933 igitur

143 2955 217 3026 leno,
232 2955 336 3015 aolidae
355 2956 460 3015 avidus
480 2954 658 3023 hereditatis,
681 2972 760 3012 nunc
783 2951 889 3014 lubena
911 2949 1049 3028 indulget
1064 2949 1218 3020 adulterio,
1239 2961 1283 3022 ut,

143 3075 234 3134 quum
248 3072 326 3114 uxor
339 3056 417 3114 bona
429 3053 537 3114 moechi
554 3051 688 3132 capiendi
705 3051 756 3131 jue
775 3071 836 3111 non
854 3050 960 3111 habeat
980 3068 1073 3127 eaque
1092 3047 1178 3108 berea
1198 3047 1286 3108 acerbi

143 3177 199 3216 non
219 3158 322 3236 poaait,
343 3157 487 3217 scribatur
507 3156 580 3236 ipae,
602 3154 713 3235 quippe
730 3173 867 3214 conceaaa
879 3152 1014 3214 adultero
1026 3149 1153 3220 licentia,
1175 3149 1226 3228 qui
1240 3149 1286 3229 ip-

143 3281 206 3321 sum
220 3259 387 3321 solitarium
400 3260 518 3319 faceret.
560 3261 683 3336 Propter
696 3277 759 3318 rem
778 3257 854 3317 conl.
877 3254 1043 3333 Schulting.
1063 3255 1096 3313 in
1115 3253 1285 3334 Jurieprud·

144 3363 346 3424 Ante-dunin.
366 3381 397 3442 p.
412 3359 482 3422 606.
503 3361 541 3420 ad
556 3361 677 3440 Ulpiani
697 3360 755 3421 Tit
771 3359 863 3418 xlll.
903 3358 986 3432 Quin
1006 3357 1116 3437 optime
1134 3357 1287 3420 Juvenalir

148 3478 229 3519 suum
248 3459 314 3538 ipae
334 3479 451 3520 munim
473 3459 598 3522 illuatrat
619 3459 900 3536 sot1X‚8e.oeq.,
920 3457 996 3536 inpr.
1011 3457 1108 3516 verbio
1125 3455 1234 3516 moechi
1248 3455 1287 3515 ad

152 3561 251 3632 virum,
266 3562 353 3642 cujus
367 3582 490 3622 uxorem
502 3563 609 3623 fecerat
623 3563 786 3641 gravidam,
803 3581 832 3620 v.
848 3567 895 3627 87.
911 3565 958 3621 88.
989 3559 1073 3618 Nihil
1087 3571 1185 3620 autem
1197 3559 1288 3620 refert

154 3659 187 3718 in
200 3661 272 3719 omni
283 3661 341 3722 hoc
356 3661 485 3740 negotio,
507 3671 541 3724 ut
556 3681 609 3739 per
622 3659 879 3722 fideicommissum
892 3657 930 3717 ad
943 3655 1034 3717 colam
1047 3675 1170 3716 uxorem
1190 3656 1288 3716 veniat

153 3757 314 3828 heredium
337 3756 578 3837 quandoquidem
600 3756 633 3815 id
653 3767 769 3816 tantum
789 3755 851 3833 agit
871 3753 968 3815 nobile
987 3773 1042 3832 par
1061 3753 1233 3833 conjugum,
1253 3763 1288 3812 ut

152 3865 240 3934 paru
253 3856 438 3918 cornmuniter
451 3855 553 3934 prada
565 3855 759 3916 communiter
780 3853 868 3916 etiam
887 3855 1081 3933 perfruatur?
1123 3849 1171 3912 56.
1193 3851 1288 3908 mco-

149 3977 215 4026 παν,
231 3967 334 4017 tectum
347 3957 467 4018 triclinii
481 3957 617 4018 caelatum
630 3968 681 4018 aut
694 3957 816 4036 pictum,
831 3977 848 4016 e
860 3957 968 4018 tabulis
982 3955 1107 4035 ligneia3
1132 3954 1171 4014 de
1184 3973 1245 4030 quo
1258 3973 1288 4013 v.

150 4053 269 4114 Ernesti
283 4054 352 4114 clav.
368 4043 462 4115 Cicer.

190 4160 228 4213 58
250 4173 308 4232 aeq.
330 4175 437 4226 eurora,
458 4156 673 4236 prefecturam,
693 4154 823 4223 cohortis,
844 4153 1009 4213 cohortium
1028 4149 1268 4231 pretorianorum
1278 4174 1288 4221 ;

147 4271 254 4312 munus
267 4253 402 4331 praelecti
415 4255 561 4334 praetorio.
603 4253 776 4314 Scholiastea
797 4263 882 4312 vetus
901 4252 1061 4330 accipiebat
1081 4248 1119 4308 de
1139 4249 1290 4310 tribunatu

148 4350 284 4420 militum,
305 4351 343 4410 de
358 4372 418 4430 quo
433 4373 462 4413 v.
477 4353 557 4432 Lipa.
572 4353 609 4412 de
623 4352 689 4412 Mil.
706 4353 792 4412 llorn.
807 4352 850 4424 11,
864 4361 893 4422 9.
915 4351 967 4410 ubi
986 4369 1047 4409 non
1066 4349 1142 4409 male
1162 4348 1291 4426 auspice·

146 4467 204 4526 tur,
219 4464 289 4534 poat
304 4453 472 4535 Polybium,
487 4456 571 4516 sociis
581 4456 641 4535 jam
656 4456 790 4516 admissio
803 4456 835 4515 in
847 4455 989 4534 legionea,
1011 4473 1168 4514 numerum
1182 4452 1293 4512 Tribu-

707 4555 729 4602 Β
742 4560 758 4601 3
