3100 5250
322 425 387 488 aaa
691 416 1079 521 couuauraruns

317 608 348 668 p.
364 595 411 655 73.
426 607 513 668 quem
525 587 632 650 librum
645 590 684 649 ab
697 589 741 660 iia,
755 590 808 668 qui
820 599 948 650 noemam
961 591 1020 650 Sat.
1042 605 1175 648 enarrare
1187 585 1287 656 velint.
1306 587 1457 668 perpetrm

318 689 409 749 instar
422 689 618 750 commentarii
631 689 703 751 dicit
715 691 927 751 consulendum
939 712 1009 752 eoae.
1050 690 1147 749 Doleo
1156 689 1265 769 itaque,
1284 710 1353 749 eum
1369 691 1458 748 mihi

318 811 378 850 non
398 791 435 850 ad
458 809 561 852 manua
585 812 653 852 eoae.
695 799 743 862 98.
764 794 863 851 darum
884 803 934 864 ert,
956 790 1039 851 uxori
1063 791 1187 850 videtur.
1239 797 1289 860 99.
1318 790 1454 859 Scotino,

316 915 456 974 aquarum
469 893 657 973 sordiumque
671 893 810 954 colluvies
823 895 854 954 in
867 896 961 955 frando
973 894 1065 964 navia,
1086 893 1172 972 eujua
1195 891 1269 952 odor
1286 893 1386 970 granu
1397 903 1451 952 eet

316 1007 346 1056 et
358 1005 438 1054 teter.
481 993 603 1053 Sentium
615 993 724 1052 uenirem
743 995 850 1053 odorem
868 994 968 1074 procul
973 993 1096 1073 fugiant
1113 992 1214 1074 pisca,
1238 991 1315 1052 Plin.
1335 989 1372 1060 X,
1392 999 1445 1058 70.

315 1119 337 1158 a.
351 1105 399 1168 90.
472 1117 591 1156 sammua
603 1097 719 1156 vertitur
731 1117 791 1167 aer,
804 1097 977 1176 vertiginem
990 1095 1108 1155 simulat
1120 1094 1272 1154 nortorum
1284 1093 1448 1172 animique,

315 1221 380 1280 quae
394 1200 489 1271 saciat,
504 1211 538 1260 ut
551 1199 658 1260 coelum
671 1199 744 1259 verti
759 1219 932 1278 summaque
944 1199 1008 1278 ejus
1020 1219 1087 1278 para
1113 1197 1172 1257 ima
1192 1197 1254 1256 fieri
1268 1195 1323 1256 eibi
1345 1197 1448 1256 videa·

313 1310 371 1358 tur.
381 1298 406 1336 ²⁹
418 1333 460 1346 --
476 1303 540 1358 100.
562 1297 675 1376 Hippia
688 1298 825 1356 rtomoelo
835 1297 917 1370 uolet,
929 1317 990 1356 noa
1008 1297 1120 1356 laborat
1133 1295 1290 1355 vomitione
1304 1295 1353 1353 vel
1373 1314 1448 1353 nau·

314 1417 371 1466 aea,
391 1417 459 1476 quoe
483 1395 552 1455 viria
573 1395 660 1456 etiam
681 1397 886 1476 navigantibua
910 1400 1050 1475 obrepere
1072 1394 1164 1454 aolet'
1240 1394 1299 1455 ma
1323 1394 1444 1462 mulier,

313 1519 381 1578 quae
392 1497 484 1558 invita
497 1498 619 1576 etjusau
634 1498 766 1578 conjugia
780 1519 847 1558 eum
860 1519 896 1559 eo
914 1499 1042 1579 navigat,
1064 1517 1206 1557 nauaeana
1224 1497 1356 1556 mam
1376 1517 1441 1555 eor·

311 1602 401 1672 verrit,
418 1602 527 1664 vomitu
548 1613 726 1680 conspureat
769 1610 835 1661 101.
857 1603 924 1672 loe,
949 1622 1015 1680 quae
1034 1600 1182 1661 moechum
1206 1599 1350 1679 requitur,
1371 1600 1445 1658 iuter

311 1713 413 1764 nautor
420 1705 549 1784 prandet.
590 1705 637 1764 De
647 1703 768 1783 prandio
782 1703 977 1764 Romanorum
993 1703 1171 1784 (friihatiiclr,
1185 1723 1203 1761 a
1216 1702 1287 1761 Dor.
1305 1705 1370 1784 rpite
1386 1721 1443 1781 pro

310 1807 381 1884 rget,
404 1797 505 1882 man'e)
528 1822 556 1860 v.
579 1802 718 1880 Bottigeri
743 1799 849 1862 Sabina
871 1821 902 1880 p.
923 1809 991 1862 302.
1006 1808 1075 1860 303.
1156 1801 1284 1860 rudentes
1304 1809 1438 1869 tractare,

310 1903 396 1960 l'nnea
411 1901 526 1961 ducere.

353 2010 519 2063 100-112.
541 2001 653 2081 Hippia
667 2001 762 2081 Sergii
775 2019 872 2061 amore
885 2011 969 2080 capta
981 2010 1035 2073 eat,
1058 2019 1119 2061 non
1138 2003 1176 2060 nb
1197 2001 1317 2061 immam
1335 2013 1367 2061 et
1380 2001 1436 2080 jn-

310 2113 469 2172 ventutem,
484 2101 563 2180 quod
572 2101 726 2180 justiorem
739 2101 860 2160 haberet
879 2099 1102 2172 exeusationem,
1127 2101 1209 2178 (nam
1233 2100 1366 2160 deformia
1384 2100 1434 2159 ille

309 2215 353 2262 eat
366 2214 396 2261 et
408 2211 544 2280 proveeta
554 2199 616 2278 jam
630 2201 728 2280 aetate)
740 2199 792 2258 aed
802 2199 870 2278 qnia
882 2198 1025 2277 gladiator
1035 2210 1080 2259 eat
1089 2211 1119 2258 et
1128 2219 1208 2258 arma
1217 2210 1329 2260 tractat
1389 2221 1436 2259 ez·

309 2303 380 2362 orst't
388 2301 498 2384 sonna,
513 2322 541 2360 v.
554 2300 592 2360 ad
607 2299 657 2363 sit
672 2301 708 2373 V,
726 2309 771 2362 15.
801 2301 902 2380 fivrmo
916 2313 946 2362 et
960 2303 1081 2381 juventa
1095 2322 1149 2382 pro
1168 2303 1294 2363 formoso
1318 2303 1438 2362 homine

308 2409 337 2462 'et
349 2407 464 2483 juvene.
547 2399 650 2474 Laelia,
671 2421 751 2462 nune
774 2400 850 2460 ludii
873 2402 1034 2461 concubina
1055 2413 1107 2462 aut
1130 2421 1214 2472 uxor,
1239 2420 1331 2482 quum
1353 2403 1438 2463 antea

309 2503 549 2560 Serntoriaeseet.
563 2520 591 2559 v.
606 2521 669 2578 aup.
683 2501 721 2560 od
736 2521 762 2559 v.
778 2507 825 2560 82.
905 2498 1043 2571 sustinuit
1067 2519 1152 2580 peasa
1174 2512 1227 2573 eat,
1247 2519 1307 2560 non
1320 2522 1436 2561 menea-

308 2602 359 2659 rit
403 2605 469 2659 105.
490 2597 632 2677 Sergiolus
644 2598 747 2660 festive
756 2597 920 2679 appellatur
934 2600 1052 2680 Sergius
1065 2613 1094 2661 et
1106 2601 1216 2661 blando
1235 2601 1364 2674 nomine,
1378 2621 1437 2682 quo

308 2699 421 2779 Hippia
432 2720 511 2760 nunc
524 2701 568 2759 uti
582 2702 692 2761 solebat
700 2726 711 2775 ς
732 2703 780 2762 vel
793 2704 916 2783 stenen&
929 2704 967 2763 tle
980 2704 1107 2772 homine,
1129 2704 1180 2783 qui
1204 2706 1300 2764 fuerat
1317 2704 1436 2784 juvenis

304 2800 418 2860 Ι’11111111
433 2800 528 2860 dietus
542 2799 612 2860 olim
626 2800 779 2880 Sergiolus,
794 2802 844 2862 aed
858 2822 938 2862 nuuc
950 2823 1010 2862 non
1023 2802 1149 2882 amplius
1162 2816 1239 2864 erat:
1260 2826 1326 2863 nom
1348 2826 1436 2883 σαρι-

307 2907 353 2957 rat
363 2896 429 2978 jam
441 2908 548 2979 guttur,
563 2909 703 2969 mentum,
718 2900 846 2969 barbam,
862 2899 973 2971 rodere,
995 2902 1075 2980 quod
1099 2900 1154 2959 viri
1175 2912 1289 2960 tantum
1312 2902 1432 2962 faciunt

307 2998 382 3072 Qum
396 3000 483 3059 verba
497 3018 583 3057 nemo
596 2998 700 3076 intpp.,
715 2996 796 3075 quod
807 2997 930 3070 mireris,
946 2998 1106 3060 intellexit:
1128 3019 1219 3079 quare
1231 2999 1295 3060 haee
1307 3002 1436 3061 tenenda

306 3111 384 3159 aunt
425 3098 515 3158 Prisci
530 3097 654 3160 Romani
667 3096 774 3155 intonui
794 3106 877 3156 erant
895 3098 1074 3181 barbamque
1097 3099 1212 3158 alebant
1233 3098 1325 3178 uaiJue
1347 3100 1386 3158 ad
1407 3120 1434 3158 a.

306 3196 345 3257 U·
359 3200 393 3257 C.
406 3196 585 3266 CCCCLIV,
600 3217 660 3276 quo
672 3196 801 3274 primum
815 3206 946 3256 tonaorea
960 3196 1082 3256 Romam
1101 3198 1226 3258 adduxit
1244 3218 1261 3257 e
1280 3197 1374 3257 Sicilia
1395 3198 1431 3255 P.

261 3298 264 3305 ’
304 3299 435 3360 Titinius
450 3302 548 3374 Meno,
565 3300 600 3380 (f.
615 3299 743 3359 Titinius
757 3298 870 3377 Mona)
885 3298 964 3357 unde
975 3297 1018 3357 illi
1031 3311 1172 3359 vocantur
1192 3300 1295 3370 intorsi,
1315 3300 1431 3359 beromi

268 3420 271 3434 ¹
303 3406 334 3460 'et
347 3402 515 3480 capilmi.”
554 3402 640 3463 Ratio
654 3402 747 3461 borlo
766 3402 908 3461 tondendo
922 3422 944 3461 a.
959 3404 1090 3463 metmdoe
1114 3403 1189 3481 (111,
1214 3404 1296 3483 186.)
1318 3404 1434 3483 duplex

303 3510 373 3569 erat,
387 3500 434 3559 vel
454 3501 574 3561 atrietim
598 3522 620 3561 a.
640 3502 679 3561 ad
700 3512 807 3573 eutem,
828 3500 908 3581 quod
931 3504 1049 3582 proprie
1073 3503 1173 3563 rodere
1195 3505 1301 3565 dieitur
1324 3516 1355 3564 et
1378 3503 1434 3564 Gr.

300 3594 404 3680 ’σκαφίον
417 3603 477 3662 aive
490 3602 567 3683 ξυρᾷν
580 3608 618 3663 vlu
632 3608 742 3684 πώγωνα
755 3617 785 3665 et
797 3606 819 3664 lv
830 3614 888 3686 χρῷ
902 3606 992 3687 κείρω,
1007 3606 1055 3667 vel
1076 3604 1165 3685 paulo
1186 3606 1302 3688 longius
1314 3630 1333 3668 a
1353 3621 1434 3679 cute,

299 3694 472 3785 interposito
485 3706 609 3785 pectine,
625 3708 704 3786 quod
718 3728 817 3787 propr.
832 3717 877 3767 eat
889 3708 999 3767 tondere
1012 3720 1043 3769 et
1063 3709 1115 3767 Gr.
1136 3713 1223 3779 κῆτος.
1265 3712 1311 3772 Cf.
1333 3710 1431 3770 Plaut.

302 3805 385 3884 cept
400 3805 487 3876 11‚'2,
504 3802 541 3865 16
554 3826 613 3885 sep
655 3806 741 3867 Pueri
752 3818 850 3867 autem
863 3816 894 3866 et
909 3806 1034 3884 juvenes
1056 3806 1225 3887 lanuginem
1248 3828 1301 3870 aea
1321 3812 1432 3871 berba-

333 4044 352 4075 '2
377 4047 517 4111 Grangena,
536 4045 577 4109 qui
601 4047 653 4095 hae
673 4062 736 4095 mera
756 4045 849 4096 somnia
879 4046 952 4108 epith.
972 4066 1087 4105 1111111111,
1108 4058 1161 4099 tum
1180 4053 1212 4101 ob
1229 4051 1353 4099 tentanti:
1371 4066 1432 4112 pr·-

301 4111 405 4165 putalut.
416 4110 469 4158 coll.
486 4110 558 4171 Prop.
573 4110 610 4169 11,
621 4116 645 4169 5,
659 4116 696 4159 19.
726 4114 847 4176 (Needw
878 4114 998 4161 mantiam.

301 4174 418 4223 uanam
428 4178 527 4225 1111111111·
536 4184 588 4225 arm
600 4176 674 4238 Noto)
694 4178 717 4223 h.
738 4176 754 4222 l.
775 4176 848 4225 inter·
911 4180 931 4209 ·
947 4178 985 4228 cf.
998 4176 1029 4227 ad
1046 4178 1100 4234 111,
1122 4184 1177 4227 106.
1199 4179 1245 4233 IV.
1267 4185 1321 4229 loe.
1336 4180 1369 4227 V.
1388 4185 1430 4229 30.

301 4239 489 4293 metabaturiraz
508 4238 566 4288 dicit
575 4240 667 4297 marito,
685 4240 735 4301 jun
746 4250 848 4303 tempe·-
883 4240 928 4299 vl,
941 4249 979 4292 20
992 4243 1068 4299 xv1,
1082 4249 1120 4292 29.
1133 4242 1210 4305 intpp.
1234 4243 1320 4293 Horat.
1338 4244 1389 4295 Od.
1410 4244 1433 4301 1,

300 4308 372 4344 vatem
383 4300 473 4349 oririet
488 4318 564 4352 aerem
584 4304 648 4352 verti.
686 4302 731 4353 svo
750 4304 791 4351 illa
806 4321 847 4352 ex·
883 4306 1247 4365 ra,⁴1.11‚1e,u.nmulu.
1269 4308 1381 4369 etVolp.
1401 4308 1432 4356 11
1518 4365 1520 4370 .

298 4360 396 4423 plicatio
418 4366 473 4421 huie
500 4368 650 4429 preferenda,
678 4380 730 4417 tum
754 4382 848 4431 propter
881 4372 970 4421 Tuon.
985 4371 1023 4429 11.
1036 4378 1058 4429 1,
1074 4378 1114 4421 54.
1135 4374 1203 4422 Varr.
1226 4374 1307 4434 Ml.
1329 4373 1368 4429 11.
1393 4379 1432 4431 11,
