3100 5250
403 468 454 534 IN
474 469 639 539 Juvnu.
662 470 762 539 sar.
786 474 887 541 X111.
1040 434 1044 439 ’
1150 476 1213 539 ιιι

94 654 119 704 et
128 640 162 701 de
174 639 299 713 decimo,
312 641 466 704 meliorum
478 655 646 725 temporum
657 668 812 729 aureaque
825 647 904 709 etati
918 645 1056 709 similium
1068 646 1215 729 principio

95 756 219 806 etrerum
233 746 451 805 ἀοοκοιοοτάοιι.
464 768 492 805 v.
507 748 615 827 Heyne
627 750 660 808 in
672 772 787 830 argum.
801 761 831 811 et
844 750 920 811 notis
932 750 972 809 ad
986 750 1070 827 Virg.
1085 749 1148 809 Ecl.
1157 750 1213 826 lv,

95 850 174 919 tseq.
188 841 272 901 Serv.
286 843 323 901 ad
337 842 421 920 Virg.
435 844 498 903 Ecl.
514 842 572 916 1x,
586 853 636 913 47.
657 848 775 906 Censor.
790 868 815 907 c.
833 854 878 913 17.
894 846 972 906 Plut
991 845 1023 905 in
1043 846 1104 905 vita
1124 846 1214 908 Sullae

95 944 162 1022 Opp.
174 944 210 1003 Τ.
224 944 252 1003 l.
267 965 300 1024 p.
313 943 382 1005 456.
396 946 435 1004 Δ.
450 945 497 1005 ed.
518 946 580 1005 Frf.
599 958 630 1007 et
649 948 763 1018 Fabric.
785 948 861 1010 Bibl.
877 948 930 1011 Gr.
945 950 980 1008 T.
996 949 1020 1006 1.
1033 970 1062 1028 p.
1077 948 1147 1009 246.
1167 950 1213 1009 ed.

93 1041 193 1103 llarles
237 1042 286 1101 lta
298 1041 411 1120 duplici
423 1044 512 1103 modo
525 1043 727 1122 designaretur
746 1044 897 1116 saeculum,
917 1057 952 1106 ut
963 1046 1056 1107 simile
1069 1066 1148 1107 nono
1160 1046 1214 1118 illi,

94 1139 163 1219 quod
174 1138 295 1201 Etrusci
315 1151 405 1210 vates,
430 1153 461 1201 et
473 1153 508 1201 ut
520 1142 606 1220 pejus
618 1142 722 1213 ferreo,
747 1144 828 1222 quod
847 1154 941 1222 poetae
961 1144 1117 1205 commenti
1137 1154 1213 1205 sunt.

93 1242 184 1320 Neque
195 1241 265 1303 haec
278 1243 447 1322 conjectura
457 1243 553 1304 alierta
565 1255 610 1305 est
621 1247 659 1306 ab
672 1245 792 1324 ingenio
805 1246 826 1306 J
827 1246 966 1319 uvenalis,
988 1247 1039 1326 qui
1053 1246 1215 1309 doctrinam

92 1355 221 1404 ostentare
236 1356 325 1405 amat
367 1346 410 1405 lis
422 1366 502 1420 vero,
525 1367 592 1426 qua
605 1358 706 1408 contra
718 1367 784 1407 eam
797 1347 959 1427 disputavit
973 1348 1135 1419 Heinecke‚
1155 1369 1216 1410 non

93 1453 160 1501 unta
172 1442 251 1503 inest
264 1442 318 1515 vis,
333 1454 443 1522 quanta
455 1443 512 1524 ipsi
526 1444 643 1505 videtur
650 1468 661 1517 ς
680 1464 750 1503 nam
762 1444 857 1505 simile
871 1445 991 1524 quidem
1006 1446 1122 1506 idemne
1141 1457 1216 1507 tem·

92 1567 147 1625 pus,
159 1556 189 1607 at
201 1546 319 1607 diversa
331 1547 443 1608 ratione
455 1550 494 1608 ab
507 1548 641 1609 Emuscis
654 1548 770 1608 vatibus
779 1547 941 1628 priscisque
953 1548 1047 1627 poetis
1059 1549 1216 1610 adumbra-

92 1662 147 1709 tum
158 1650 250 1711 fuuse
264 1650 411 1722 contendi,
431 1661 463 1711 et
475 1653 566 1712 verbs
578 1671 694 1731 quoram
714 1651 768 1728 (sc
783 1648 965 1720 seculorum,
985 1650 1004 1708 i.
1018 1670 1043 1711 e.
1057 1652 1143 1730 cujus
1163 1672 1216 1712 sae-

92 1752 155 1832 culi)
169 1754 267 1813 sceleri
278 1789 321 1803 -
334 1754 443 1815 maalle
453 1774 515 1815 non
528 1753 567 1813 ad
579 1774 680 1814 ιιοιιοιιι
692 1752 780 1813 retuli
792 1761 909 1823 etam,
924 1752 976 1813 sed
983 1753 1022 1812 ad
1031 1753 1218 1833 scculaserri

93 1851 250 1929 tmporibus
257 1851 382 1931 pejorm
403 1871 501 1930 neque
514 1852 691 1911 Censorinus
704 1861 830 1920 tanturn,
844 1850 952 1911 sedulii
960 1862 1218 1931 quoqueauctores

91 1952 254 2014 consulendi
264 1977 275 2027 ς
301 1975 339 2014 ex
357 1964 428 2013 nota
447 1964 546 2013 autem
568 1952 663 2011 Servii
681 1951 721 2011 ad
740 1951 824 2029 Virg.
845 1952 908 2011 Ecl.
931 1952 986 2023 IX,
1000 1962 1048 2021 47.
1062 1966 1142 2017 etex
1160 1956 1218 2017 hoc

91 2052 215 2114 Maronis
238 2052 304 2113 loco
325 2051 465 2112 seculum
486 2049 562 2110 illud
582 2050 730 2111 decimum
748 2068 810 2108 non
829 2049 923 2109 multo
944 2052 1039 2129 pejus,
1059 2054 1112 2113 sed
1130 2054 1219 2133 longe

89 2151 189 2210 melius
203 2151 304 2220 fuisse,
318 2170 408 2229 quam
420 2136 542 2219 nonum,
550 2148 665 2226 -colligo
672 2170 682 2219 ς
702 2166 773 2205 nam
786 2164 882 2205 sermo
895 2147 936 2206 ibi
949 2159 993 2206 est
1006 2148 1043 2207 de
1056 2140 1163 2211 saeculo
1175 2153 1219 2212 ie·

88 2252 140 2323 lici,
156 2251 243 2330 quod
255 2250 325 2311 laeto
336 2250 530 2329 portendatur
548 2249 687 2327 prodigIo
698 2259 730 2308 et
741 2247 899 2308 infaustam
913 2248 1002 2309 Sullae
1015 2262 1130 2311 etatem
1142 2253 1220 2313 exci-

90 2350 153 2429 piat.
197 2349 305 2427 Neque
318 2358 416 2408 tamen
429 2348 561 2420 diffiteor,
576 2347 657 2407 illam
676 2347 943 2426 interpretationem
963 2360 1097 2427 argutam
1117 2350 1221 2430 magis,

91 2472 172 2532 quam
188 2471 299 2522 veram,
318 2450 527 2530 vulgatumque
545 2450 701 2511 lectionem
719 2449 936 2509 emendandam
951 2450 1151 2533 potiusquam
1171 2473 1221 2515 ex·

93 2552 254 2632 plicandam
273 2563 303 2611 et
323 2550 417 2611 videri
439 2568 525 2631 posse
543 2560 575 2611 et
593 2548 667 2608 mihi
686 2568 803 2628 semper
825 2548 916 2609 visam
936 2570 1005 2611 esse·
1047 2551 1131 2614 Conf-
1152 2552 1221 2626 Var.

97 2653 173 2714 laet.

134 2759 178 2810 31.
190 2751 313 2811 Summa
333 2753 436 2821 διιιοοις
455 2751 532 2812 inest
550 2749 597 2811 his
617 2751 724 2822 verbis,
745 2761 776 2811 et
794 2750 921 2811 brevitas
941 2749 1057 2812 affectui
1077 2755 1222 2816 convenit

98 2853 154 2911 Νοι
165 2853 384 2914 sceleratissimo
397 2854 526 2913 vivimus
539 2854 655 2925 seculo,
669 2874 730 2934 quo
739 2853 837 2914 ubiuis
849 2865 880 2914 et
893 2852 1022 2936 quotidie
1029 2864 1073 2916 tot
1084 2865 1224 2936 tantaque

97 2955 211 3031 grosseti
228 2953 364 3014 videmus
384 2953 502 3048 scelera,
527 2964 675 3014 ettamen
695 2965 758 3012 tam
778 2953 889 3032 stupidi
912 2973 1023 3024 sumus,
1044 2964 1086 3024 ut,
1106 2955 1131 3013 si
1151 2955 1226 3036 quid

98 3057 158 3115 nali
171 3069 224 3118 aut
240 3057 357 3137 injuriae
369 3057 454 3116 nobis
462 3056 568 3145 aliisve
580 3055 701 3126 accidat,
722 3054 863 3115 continuo
882 3074 945 3134 prae
964 3069 1083 3134 stupore
1102 3066 1132 3116 et
1151 3067 1226 3144 tam7

99 3181 177 3237 quam
188 3161 321 3220 novitate
333 3158 533 3237 miraculoque
552 3157 667 3218 attoniti
682 3156 821 3216 lominum
843 3157 1108 3236 Divumqaefidem,
1129 3179 1225 3238 opem,

101 3258 219 3331 άιιιοιιιι,
235 3257 433 3336 imploremus,
448 3257 532 3336 quasi
544 3256 609 3316 hee
621 3255 760 3315 inusitata
779 3257 838 3316 sint
856 3275 912 3315 nec
932 3275 1046 3335 semper
1066 3269 1097 3317 et
1116 3257 1226 3338 ubique
1277 3297 1282 3308 ·

102 3363 185 3422 obvia.
226 3361 288 3422 Pro
302 3360 395 3420 Deum
417 3368 501 3439 atque
522 3357 659 3418 Ιιοιιιὶιιιιιιι
674 3358 791 3434 fidon!
822 3356 870 3416 vel
890 3357 954 3428 Dii,
977 3358 1087 3419 obsecro
1109 3369 1226 3422 vestram

94 3465 172 3539 fidem
189 3475 247 3526 cet.
269 3463 469 3524 admirationis
489 3460 742 3542 quiritationisque
754 3457 898 3530 formula,
918 3471 954 3520 ut
972 3449 1095 3522 nostrae:
1116 3484 1162 3522 am
1177 3465 1228 3524 dee

102 3563 212 3624 limaela
226 3563 342 3623 uuillen!
362 3583 409 3621 ιιιιι
424 3562 520 3622 Galles
533 3560 621 3619 millen
630 3563 644 3618 !
681 3559 727 3618 lta
745 3557 921 3618 exclamasse
941 3560 1057 3620 videtur
1070 3559 1225 3620 Calvinus:

103 3661 170 3722 unde
190 3683 244 3722 ιιοι
262 3661 364 3724 demus
381 3659 498 3732 mollius
521 3659 634 3718 dictum
654 3677 709 3737 pro
722 3665 752 3715 tu
765 3656 830 3716 cies.
843 3691 884 3704 -
898 3664 946 3717 32.
961 3656 1080 3718 Haec'et
1099 3659 1177 3725 διιιιῗις
1197 3669 1228 3717 et

105 3761 267 3840 ιιῃιασιιιιῖις
279 3760 365 3820 dicta.
409 3759 521 3826 Quanto
533 3757 659 3818 clamore
676 3753 827 3814 Faesidium
840 3753 917 3814 male
929 3762 1057 3834 agentem
1069 3773 1170 3814 causas
1180 3753 1229 3812 vel

105 3869 276 3934 perorantem
297 3857 329 3915 in
347 3856 412 3916 loro
431 3855 530 3914 laudat
550 3853 661 3923 οοοιιὶίι,
687 3851 820 3924 clamosa,
837 3850 971 3929 sportula,
996 3851 1025 3910 h.
1042 3870 1067 3908 e.
1089 3850 1229 3910 clientum

106 3956 276 4038 aliorumque
298 3959 453 4018 hominum
472 3959 569 4028 turba,
589 3956 714 4036 praemio
733 3953 872 4034 sportula
893 3953 1046 4022 conducta,
1066 3962 1102 4011 nt
1121 3952 1229 4014 dicenti

107 4059 267 4122 acclamaret
280 4060 394 4132 Pulcre,
406 4059 494 4129 Bene,
508 4059 598 4136 σοφῶς,
612 4069 667 4118 cet.
681 4078 710 4117 v.
723 4057 762 4116 ad
778 4056 802 4127 l,
820 4065 833 4116 l
847 4077 907 4134 seq.
921 4067 951 4115 et
964 4054 1002 4114 de
1014 4053 1138 4134 sportula
1151 4056 1229 4128 adl,

108 4164 140 4224 95
158 4179 217 4239 seq.
259 4151 328 4218 Nori
347 4159 445 4218 minus
464 4158 558 4216 facete
578 4154 670 4215 locuti
690 4166 760 4216 sunt
779 4154 818 4213 de
838 4155 894 4215 hac
913 4173 945 4213 re
966 4152 1093 4212 Martisl.
1111 4153 1231 4224 V1,48.

110 4257 173 4318 Plin.
187 4263 244 4341 Ep.
259 4261 303 4332 11,
320 4269 367 4321 14.
381 4261 412 4319 in
425 4260 489 4319 loco
503 4258 584 4319 class
605 4269 636 4318 et
654 4270 756 4317 auctor
775 4257 869 4335 epigr.
890 4257 921 4315 in
941 4254 1027 4314 Aual.
1043 4255 1171 4316 Brunck.
1194 4257 1230 4316 T.

110 4355 144 4414 ll·
156 4379 183 4438 p.
197 4368 268 4421 8³1.
293 4361 420 4439 (Ποιητής
439 4361 588 4441 πανάριστος
608 4359 711 4428 ἀληθῶς
733 4355 908 4426 iscariotides,
929 4355 1020 4424 'ouras
1041 4355 1151 4438 ὄιιοιίζιι
1175 4360 1232 4428 τοὺς
