3100 5250
275 502 319 563 26
647 492 1038 563 COMMENTARIUS

277 686 383 728 uorum
396 668 564 730 militarium
576 680 697 731 auctum
718 693 790 744 esse,
811 684 842 733 et
854 674 955 733 decem
969 673 1094 753 legionis
1108 673 1277 735 cohortibus
1291 674 1420 739 totidem

274 768 426 847 prefuisse
440 769 579 830 tribunos.
625 772 746 831 Tribuni
766 784 845 833 certe
864 772 1014 833 cohortium
1034 784 1234 833 memorantur
1252 794 1271 832 a
1291 775 1366 834 Cas.
1380 776 1419 833 B.

275 870 307 926 G.
324 868 366 939 ll,
381 878 428 929 20.
446 883 478 930 et
492 870 566 931 Ptin.
581 871 675 951 Epist.
690 871 750 943 ΙΙΙ,
765 882 795 943 9,
812 881 857 934 13.
895 874 943 936 Cf.
956 874 1008 932 inf.
1024 873 1064 944 X,
1078 881 1128 943 94.
1208 874 1279 933 borso
1294 874 1416 945 donauit,

275 965 417 1037 insumsit,
442 968 595 1049 impendit,
616 970 800 1051 praesepibus,
827 972 912 1051 equis
934 970 1055 1031 alendis
1076 970 1290 1051 (lupanaribus,
1313 973 1418 1053 judice

277 1066 455 1147 Plathnero.)
538 1078 614 1128 corel
623 1069 695 1127 onai
707 1070 844 1148 majorum
857 1090 949 1141 ceam,
963 1069 1115 1148 quiaeum
1128 1069 1310 1149 dilapidavit
1351 1070 1416 1129 Alii

277 1168 465 1248 Tigellinum,
481 1169 529 1230 alii
544 1191 614 1231 vero
627 1171 796 1230 Cornelium
810 1172 940 1233 Fuscum
953 1170 1087 1250 intellig]
1107 1183 1138 1231 et
1151 1171 1326 1233 alterutrum
1339 1193 1415 1252 quo·

275 1292 333 1353 que
351 1274 419 1333 ficto
439 1273 611 1353 Damasippi
630 1274 748 1333 nomine
768 1274 858 1346 VIII,
875 1280 948 1333 1⁸5.
963 1273 1111 1351 designari
1131 1272 1322 1352 suspicantur.
1358 1274 1416 1335 De

276 1374 422 1453 Tigellino
436 1397 465 1436 v.
478 1376 531 1435 inf.
546 1378 583 1435 ad
598 1397 626 1437 v.
644 1383 710 1436 155.
727 1376 765 1436 de
779 1376 875 1437 Fusco
889 1376 927 1435 ad
942 1368 996 1447 IV,
1013 1384 1079 1435 112.
1120 1374 1157 1436 ln
1176 1379 1300 1455 gratiam
1319 1378 1416 1437 Nero-

274 1473 320 1533 nis
334 1472 441 1534 multos
454 1473 597 1533 nobilium
611 1475 764 1554 aurigandi
779 1475 877 1535 studio
890 1474 1103 1554 captos‘fuisse,
1124 1473 1205 1534 haud
1218 1476 1340 1554 ignorot
1359 1478 1414 1537 sed

276 1577 404 1637 Fuscum
419 1597 544 1656 puerum
553 1579 584 1636 'ei
598 1578 708 1657 aurigae
729 1578 855 1637 officium
875 1576 1053 1655 prastitIsse,
1077 1576 1158 1653 (lora
1172 1579 1291 1637 lemicae
1305 1600 1333 1638 v.
1347 1578 1413 1658 61.)

276 1679 356 1757 quod
379 1679 509 1739 Britann.
535 1690 565 1738 et
589 1679 638 1739 alii
662 1690 792 1751 monent,
815 1678 921 1738 nullibi
943 1678 1042 1757 legere
1060 1678 1225 1738 memini.²³
1265 1680 1314 1740 60.
1337 1681 1416 1739 Nota

275 1780 364 1839 Hein.
378 1790 437 1840 est:
461 1790 481 1819 “
493 1780 592 1840 Verba
604 1781 669 1839 dum
681 1782 913 1860 pervolitasse.
928 1782 965 1839 F.
975 1781 1066 1841 refert
1081 1781 1154 1842 Brit
1164 1781 1202 1840 ad
1216 1782 1350 1862 proxime
1362 1806 1416 1844 an·

273 1882 444 1953 recedentia,
469 1895 502 1942 ut
522 1882 579 1943 hoc
602 1882 735 1945 dicatur:
757 1884 938 1964 consumpsit
956 1878 1035 1943 bona
1059 1904 1121 1953 sua,
1146 1885 1219 1944 dum
1238 1886 1269 1944 in
1288 1889 1415 1965 gratiam

275 1981 400 2041 Neronis
413 1982 535 2060 aurigat.
578 1980 636 2041 Sed
650 1982 699 2041 vix
713 1968 1009 2062 puto,'Tigellinum,
1030 1994 1082 2041 aut
1100 1983 1233 2062 quisquis
1245 1985 1414 2065 intelligen-

274 2081 330 2141 dus
343 2092 396 2151 est,
418 2081 441 2140 si
456 2080 565 2141 Neroni
579 2081 706 2141 officium
717 2082 828 2161 aurigas
840 2081 985 2160 praestitit,
1005 2080 1038 2139 id
1052 2100 1106 2139 suo
1118 2101 1177 2140 sere
1189 2082 1299 2142 fecisse.
1341 2084 1412 2143 Sus·

273 2180 355 2257 picor
374 2180 481 2259 potius,
503 2198 619 2239 sensum
640 2180 670 2240 h.
691 2179 711 2237 l.
732 2200 814 2240 esses
835 2182 936 2248 Quum
956 2180 991 2249 is,
1015 2178 1065 2258 qui
1084 2178 1153 2236 bono
1172 2200 1262 2250 censu,
1284 2181 1305 2238 i.
1318 2200 1345 2240 e.
1358 2181 1411 2259 qui

273 2283 350 2341 bona
364 2283 462 2341 omnia
475 2281 656 2359 dilapidavit,
671 2282 874 2361 prefecturam
892 2281 1136 2340 Praemrianomm
1149 2287 1256 2360 speret,
1270 2282 1336 2342 dura
1343 2304 1411 2361 per·
1508 2288 1512 2297 '

273 2379 346 2439 oolol
360 2390 425 2450 cet,
453 2378 522 2457 quia
544 2379 731 2457 Imperatoris
743 2380 847 2459 auriga
869 2393 922 2441 est.
963 2380 1067 2439 Talem
1086 2380 1333 2442 constructionem
1351 2402 1413 2441 non

273 2482 433 2541 inauditam
454 2502 525 2551 esse,
547 2481 652 2541 docent
672 2482 766 2562 intpp.
781 2482 819 2542 ad
834 2483 905 2542 Tac.
918 2483 998 2541 Ann.
1009 2481 1034 2550 l,
1050 2484 1096 2547 7.'’
1127 2482 1254 2560 pervolat
1267 2504 1329 2553 ure,
1344 2504 1412 2543 cur·

273 2604 319 2655 ru,
333 2585 426 2655 citato,
437 2596 471 2645 ut
485 2585 545 2644 fere
558 2604 604 2664 ap.
619 2584 702 2664 Virg.
714 2585 769 2645 Ge.
782 2583 841 2655 Ill,
859 2592 925 2651 1⁰7·
997 2581 1167 2643 Flusainiom
1181 2584 1269 2659 viam,
1279 2587 1410 2646 omnium

273 2681 503 2762 antiquissimam
516 2691 546 2740 et
560 2681 787 2749 celeberrimam,
810 2683 902 2739 Roma
914 2699 968 2758 per
982 2679 1130 2738 Etruriam
1144 2681 1283 2742 Arimino
1296 2695 1383 2744 tenus
1394 2706 1413 2744 a

273 2787 306 2843 C.
322 2783 466 2844 Flaminio
479 2785 605 2843 Censore
620 2787 656 2845 A.
670 2783 707 2844 U.
722 2781 905 2842 DXXXIII.
919 2779 1101 2860 perductam,
1111 2782 1224 2857 (Strab.
1236 2783 1272 2842 V.
1284 2805 1315 2863 p.
1325 2787 1411 2864 333.)

272 2895 302 2942 et
315 2882 352 2942 ab
366 2884 504 2962 Augusto
516 2881 676 2942 munitam:
700 2875 833 2961 (Sueton.
847 2901 873 2940 c.
887 2882 951 2959 30.)
964 2900 983 2938 a
996 2899 1055 2958 qua
1067 2878 1184 2938 diversa
1192 2891 1237 2941 est
1243 2881 1309 2952 alia,
1321 2903 1412 2961 quam

273 2986 306 3042 C.
335 2984 496 3044 Flaminius
522 2985 629 3044 Consul
658 3005 675 3044 a
703 2983 835 3044 bononia
860 2983 899 3042 ad
928 2981 1079 3042 Arretium
1103 2983 1214 3054 mavit,
1241 2995 1316 3044 teste
1344 2985 1411 3045 Liv.

273 3087 422 3159 XXXIX,
436 3097 465 3148 2.
530 3107 604 3166 puer
614 3086 792 3156 Arclmnedon,
801 3085 925 3154 Fuscus,
934 3084 981 3143 vel
991 3084 1065 3143 alius
1076 3084 1299 3166 (nescioquisl)
1309 3088 1413 3167 auriga

273 3187 407 3256 Naroma,
429 3199 463 3248 ut
478 3185 666 3247 Automedon
681 3187 779 3264 ἡνίοχος
792 3184 927 3251 Achillis,
950 3184 1062 3262 dequo
1075 3204 1103 3242 v.
1118 3184 1240 3244 Homer.
1255 3185 1291 3245 ll.
1305 3206 1334 3258 r,
1351 3194 1412 3246 145

272 3307 331 3364 seq.
346 3309 368 3366 ς,
383 3294 442 3357 429
453 3309 512 3368 seq.
528 3295 698 3360 459-537.
719 3311 744 3358 r,
760 3293 820 3357 395
834 3307 894 3364 seq.
910 3285 992 3364 Virg.
1009 3287 1078 3345 AEn.
1092 3286 1134 3358 11,
1149 3293 1217 3354 477.
1231 3299 1262 3348 et
1274 3288 1312 3348 al.
1353 3289 1412 3348 Pro

273 3389 377 3466 quovis
396 3389 481 3448 etlam
504 3393 606 3470 auriga
626 3387 832 3450 Aulmnedontir
851 3387 970 3448 nomios
990 3387 1083 3448 utitur
1100 3390 1161 3449 cic.
1174 3408 1230 3468 pro
1244 3390 1327 3449 Rosc.
1340 3391 1411 3448 Am.

273 3509 297 3548 c.
312 3495 360 3548 35.
402 3487 450 3548 62.
464 3489 533 3567 Ipse
546 3491 644 3550 Nero:
666 3511 733 3550 nam
749 3489 818 3568 ipre,
831 3499 867 3547 ut
880 3486 928 3546 ille
941 3508 970 3546 v.
984 3496 1033 3557 97.
1049 3498 1079 3548 et
1093 3491 1170 3555 alric
1183 3500 1213 3548 et
1226 3490 1318 3559 ἒκιῒυος,
1332 3510 1412 3569 saepe

272 3590 460 3662 auctoritatis,
481 3590 599 3652 honoris
620 3603 650 3651 et
669 3590 839 3651 reverentie
858 3589 1098 3667 significationem
1112 3589 1211 3660 habet,
1232 3603 1263 3649 et
1275 3590 1345 3650 hinc
1358 3612 1411 3650 ex·

272 3689 379 3767 quisite
393 3689 432 3748 ita
446 3690 580 3768 magster
592 3690 708 3760 dicitur,
724 3709 818 3769 quum
831 3687 1002 3766 disprqus,
1014 3688 1108 3766 (unde
1122 3688 1197 3747 illud
1211 3689 1410 3768 Pythagoreo·

271 3813 338 3851 rum
353 3793 429 3857 αὐτὸς
439 3789 501 3868 ἔφα)
512 3791 645 3860 dominus,
660 3813 752 3870 quum
768 3811 879 3860 servus,
894 3789 1053 3869 imperator,
1063 3811 1155 3869 quum
1169 3788 1253 3849 miles
1267 3789 1408 3870 loquitur,

268 3903 415 3973 patronus,
430 3892 453 3950 si
468 3888 506 3952 de
519 3893 683 3961 clientibus,
698 3893 817 3960 animus,
833 3892 905 3952 side
918 3891 1038 3970 corpore
1051 3892 1159 3968 agitur,
1172 3893 1371 3972 Imperatore.
1385 3915 1408 3953 s.
1505 3945 1508 3950 .

270 3993 361 4070 pubi
373 4011 409 4052 ex
419 3989 600 4070 oppositione
610 3988 734 4068 intelligi
746 4002 858 4069 potest,
864 3991 903 4050 ad
914 3990 994 4069 quod
1007 3991 1159 4050 referatur.
1168 3991 1194 4032 ⁹⁴
1247 3992 1366 4054 Judure
1378 4014 1410 4051 ss

303 4180 324 4210 ¹¹
335 4181 477 4233 Plstbnerus
492 4182 598 4244 putabat,
615 4189 708 4241 poetam
726 4179 779 4226 lul.
796 4179 822 4226 ln
855 4186 894 4228 56.
930 4181 1026 4231 Eodem
1036 4182 1151 4231 referebat
1169 4181 1290 4231 Plathuer.
1303 4184 1407 4245 bipedem

271 4244 384 4306 ambiguo
394 4246 483 4306 luders,
499 4257 524 4294 et
536 4248 650 4308 prerupto
662 4243 823 4306 esaelupana-
854 4247 1006 4295 eunomius.
1021 4249 1073 4307 IX,
1085 4253 1123 4299 92.
1161 4247 1231 4296 Idem
1241 4247 1318 4296 arrisit
1335 4248 1405 4295 Dou-

271 4309 312 4362 ria,
330 4319 358 4356 ut
374 4324 411 4371 sp.
427 4313 478 4360 Cic.
492 4313 517 4360 in
531 4311 579 4358 Pis.
595 4315 631 4356 13.
651 4319 675 4357 et
693 4309 779 4357 Claud.
796 4310 822 4355 in
853 4325 887 4356 aa
903 4309 941 4374 (in
959 4313 1060 4362 Precid.
1082 4313 1113 4361 ad
1131 4311 1227 4361 Petron.
1249 4311 1304 4371 ΙΙΙ,
1325 4312 1362 4375 3.)
1383 4321 1408 4360 et

273 4373 376 4434 Eutrup.
392 4375 414 4428 I.
425 4381 465 4424 63.
501 4376 540 4425 Sic
550 4375 622 4424 etiarn
633 4377 705 4435 piem
721 4389 757 4436 ap.
777 4373 822 4421 n:-
856 4373 932 4422 Heio.

271 4439 328 4490 lim.
348 4448 373 4486 et
389 4443 479 4488 stolido
497 4455 535 4502 ap.
559 4438 645 4490 Claud.
663 4438 678 4486 l.
697 4454 718 4486 c.
738 4455 759 4485 s.
780 4444 819 4487 61.
886 4438 904 4467 '¹
916 4439 956 4488 Cl'.
968 4440 1000 4489 ad
1012 4442 1043 4498 V,
1055 4447 1095 4491 30.
1116 4442 1212 4491 Ernesti
1222 4441 1253 4490 ad
1265 4441 1315 4490 cie
1325 4442 1358 4489 N.
1368 4441 1402 4491 D.

273 4505 323 4554 cie.
340 4503 401 4552 Phil.
423 4503 461 4560 ll,
480 4509 519 4551 28.
537 4515 561 4552 st
579 4505 657 4555 Plaut.
679 4503 746 4553 Poen.
763 4503 820 4560 la,
856 4503 913 4562 Ι,5.
932 4514 957 4552 et
974 4507 1032 4555 Tac.
1053 4507 1119 4556 Anu.
1141 4507 1201 4567 XV,
1218 4511 1256 4556 71.
1278 4508 1356 4556 Scbol.
1373 4507 1404 4556 ad
