3100 5250
439 357 491 421 rn
512 357 675 424 iuven.
702 359 800 424 san.
825 359 922 426 v111.
1084 321 1089 329 ’
1185 366 1248 426 aaa

113 531 169 600 avi,
183 550 254 610 quo¹
264 531 408 610 primores
422 531 555 606 civitatis,
568 544 677 612 preter
696 533 766 595 alias
780 531 857 595 artes
869 553 975 614 parum
994 535 1181 597 honestaret
1201 537 1247 596 iu·

111 633 209 711 pariaris
222 635 363 704 saeuiens,
378 634 466 694 etiam
479 635 689 714 aurigationem
705 639 894 706 exercebant,
903 637 1040 715 exemplo
1061 638 1249 718 Imperatoria

110 731 192 809 eique
204 731 346 810 placendi
360 731 464 792 studio.
547 736 594 793 De
608 734 786 814 Damasippo
798 756 827 795 v.
842 737 965 795 Excute.
978 735 1060 794 adh.
1074 736 1094 794 l.
1170 734 1249 816 p'roe·

110 842 148 890 ter
160 835 302 912 majorum
317 835 423 893 manee
435 843 517 914 acque
531 855 604 906 oreo,
619 836 649 894 in
663 837 712 895 via
727 837 835 916 Appia,
845 837 960 906 latina,
976 836 1121 896 Flaminia
1133 847 1163 895 et
1175 838 1247 897 aliie⁴

112 957 137 994 v.
151 935 192 994 ad
205 939 232 1006 1,
250 945 316 1002 171.
357 935 423 996 Vox
445 937 505 1016 ipse
526 939 605 1005 δεινῶς
628 940 780 1016 repetitur.
824 946 889 998 148.
911 939 1072 1016 Sufflomen,
1099 941 1247 1020 spxooiln,

112 1033 232 1110 lignum
247 1033 422 1104 velletrum,
436 1035 518 1112 quod
530 1055 584 1115 per
604 1035 701 1096 radios
720 1033 851 1094 rotarum
874 1037 1038 1115 trajectum,
1060 1055 1161 1104 earnm
1181 1055 1249 1094 mr·

115 1157 183 1195 sum
197 1137 273 1198 sistit
280 1161 291 1208 ς
309 1137 385 1196 unde
405 1136 464 1196 litis
486 1139 639 1215 sufflamen,
662 1157 744 1196 mora
766 1138 832 1216 ejus
853 1149 883 1197 et
906 1138 1015 1207 dilatio,
1040 1137 1125 1210 XVI,
1148 1145 1197 1198 50.
1218 1147 1249 1197 et

112 1235 229 1293 Aleriae
241 1243 330 1293 nater
343 1237 467 1315 (orator)
482 1235 713 1312 sufflaminandus
725 1242 765 1294 art
777 1255 825 1313 ap.
846 1236 946 1295 Senec.
969 1235 1041 1294 Exa
1065 1237 1165 1297 Corra.
1191 1233 1246 1292 lv.

113 1338 196 1396 Pnefi
232 1338 308 1396 Nota
322 1337 358 1397 F.
372 1337 476 1398 Didoti
489 1338 521 1396 in
535 1338 603 1398 edit·
618 1337 692 1397 Aeh.
709 1347 768 1398 est:
792 1337 912 1396 “-Forte
925 1337 1070 1414 sufflamen
1083 1356 1141 1396 vox
1153 1337 1248 1398 efficta

112 1435 247 1495 alaren.
262 1455 299 1494 ex
311 1435 362 1494 rub
375 1446 406 1496 et
415 1436 505 1515 flore,
521 1436 599 1495 unde
614 1435 692 1494 Galli
705 1435 839 1495 fecerunt
851 1436 970 1512 sonffler.
1012 1435 1059 1494 Ita
1082 1435 1166 1494 muto
1185 1434 1247 1513 saf-

106 1537 223 1613 flarriae
234 1548 277 1598 eat
289 1537 384 1598 multo
397 1549 427 1599 et
440 1537 605 1598 vehementi
618 1537 767 1608 anhelitu3
789 1557 849 1615 quo
861 1547 940 1596 reete
952 1548 1041 1615 atque
1060 1536 1174 1596 aatiriae
1193 1537 1246 1595 ad·

117 1636 231 1697 modum
244 1638 377 1716 pingitur
391 1640 588 1719 Damasippus
600 1639 720 1718 pinguis
740 1649 770 1722 qt
792 1639 990 1717 corpulentus,
1014 1638 1132 1708 andans,
1155 1638 1246 1697 anhe-
1324 1663 1330 1673 ·

118 1732 178 1792 lans
195 1745 225 1794 et
236 1737 356 1812 sufflans
369 1736 400 1794 in
413 1746 477 1796 rota
489 1755 592 1796 currus
605 1735 801 1814 stringenda?
844 1743 910 1805 149.
927 1742 993 1794 150.
1015 1734 1090 1794 Tam
1109 1734 1246 1795 inhones-

116 1842 156 1892 tas
176 1845 262 1902 artes,
284 1853 353 1912 quae
376 1853 414 1893 ne
438 1834 513 1894 clam
534 1833 654 1912 quidem
674 1843 705 1893 et
724 1844 811 1894 noete
831 1833 955 1892 obseura
973 1825 1153 1893 enereudae‘
1165 1844 1245 1905 sant,

115 1929 282 2008 eplendente
294 1931 366 1990 luna
378 1932 510 1992 factitare
523 1952 591 1992 eum
603 1952 663 1992 non
677 1933 779 2010 pudet.
861 1931 949 1989 Luna
961 1930 1044 2002 videt
1057 1931 1152 1990 sidero
1164 1941 1246 1992 tester

115 2032 255 2091 intendam
276 2033 377 2104 oculor,
392 2045 426 2094 ut
440 2034 492 2103 VI,
509 2041 577 2092 311.
593 2034 644 2092 ubi
658 2052 686 2091 v.
701 2045 761 2092 not.
844 2038 951 2110 ternpus
971 2031 1091 2101 honorie,
1113 2033 1245 2092 consula·

117 2141 178 2200 tus,
197 2151 262 2210 quae
275 2151 391 2190 mumma
403 2130 530 2209 dignitas
551 2130 695 2209 pudorem
709 2129 765 2209 ipsi
784 2128 954 2189 incutiebat.
999 2135 1064 2188 152.
1090 2129 1245 2208 Trepidam

119 2225 280 2286 Graoorum
293 2247 375 2287 more
389 2247 455 2286 eum
469 2238 574 2308 quarto
587 2246 656 2288 casu
676 2226 765 2286 etiam
784 2225 922 2305 jungitur
946 2225 985 2299 X,
1008 2233 1056 2284 21.
1078 2235 1112 2286 ut
1131 2233 1246 2286 traam

116 2345 156 2404 ap
172 2327 221 2387 Sil.
237 2327 281 2398 II,
298 2335 345 2388 53.
361 2328 426 2405 (ubi
440 2348 470 2388 v.
482 2330 557 2408 not)
571 2337 602 2388 et
617 2327 680 2386 vat.
702 2327 747 2386 Fl.
761 2328 800 2398 V,
821 2333 890 2386 520.
915 2327 981 2405 (ubi
1004 2347 1033 2386 v.
1055 2327 1172 2406 Burm.)
1196 2327 1245 2386 vel

116 2425 221 2486 horren
243 2429 359 2505 passim
461 2429 545 2488 amici
562 2430 630 2508 jum
654 2428 736 2500 mair,
758 2439 844 2490 oetate
867 2428 1038 2507 meritisque
1061 2427 1243 2490 venerabilis.

116 2533 179 2586 155.
204 2527 290 2607 Virga
303 2528 436 2600 aduam,
449 2528 565 2608 flagello
579 2529 697 2608 signum
710 2529 790 2599 dare,
805 2529 853 2607 (ut
867 2527 931 2602 111,
942 2530 1026 2608 318.)
1040 2529 1200 2607 etquidem
1212 2529 1244 2588 b.

112 2623 130 2683 l.
143 2626 262 2685 honoris
275 2648 308 2687 aa
319 2629 499 2698 reverentia,
513 2628 542 2687 h.
557 2650 582 2687 e.
603 2628 736 2689 adume-
831 2627 993 2707 manipulos,
1014 2627 1168 2689 funiculos
1188 2630 1244 2688 foe·

111 2729 153 2786 ni.
164 2762 208 2775 -
229 2735 292 2790 154.
313 2730 419 2789 Omnia
432 2730 498 2789 vilis
511 2731 643 2808 agasonis
656 2732 757 2791 munia
770 2728 904 2809 implebit
911 2753 922 2801 ;
943 2730 1018 2789 Aeh.
1087 2730 1243 2807 Isffuadera

104 2829 243 2907 jumentis
255 2828 363 2901 hordea,
380 2841 413 2889 ut
427 2835 480 2897 τοῖς
493 2830 635 2911 ὑποζυγίοις
648 2828 771 2903 ἐμβαλεῖν
784 2834 823 2891 sla
835 2835 924 2912 χόρτον
936 2850 983 2908 ap.
998 2829 1146 2907 Theophr.
1156 2829 1242 2887 Char.

113 2928 164 2985 lv.
245 2926 399 2998 Hordeum,
413 2948 473 2987 noa
486 2948 587 3000 avena,
601 2928 683 2988 Italis
696 2929 780 3007 equis
792 2928 944 3008 pabulum,
968 2926 1047 2986 unde
1066 2927 1244 2987 hordeariam

111 3050 155 3099 as,
170 3029 250 3108 quod
264 3049 319 3109 pro
333 3029 444 3089 hordeo
457 3030 549 3109 equiu'
571 3030 702 3090 Romano
721 3030 865 3101 dabatur;
887 3030 1055 3108 (11ης.-
1076 3034 1142 3087 155.
1163 3028 1243 3087 lona·

113 3140 242 3191 tarovea
323 3138 428 3191 loram
442 3132 532 3210 epith.
547 3150 609 3190 orn.
622 3142 856 3214 perpetuumque
871 3133 970 3191 boam
1004 3131 1081 3189 Nam
1093 3130 1244 3209 precipua
1356 3129 1366 3161 ”

113 3236 214 3295 frontis
225 3235 364 3314 asperitas
378 3236 408 3294 ia
421 3235 477 3295 hoc
490 3254 594 3313 pecore
607 3246 728 3313 apparet
735 3258 745 3305 ;
771 3234 847 3294 Aeh.
888 3234 908 3294 J
911 3230 1026 3291 uveuali
1039 3232 1069 3292 h.
1082 3232 1103 3289 1.
1116 3242 1147 3290 et
1166 3230 1243 3301 XII,

117 3340 144 3391 5.
157 3346 220 3393 ante
232 3334 329 3394 oeulos
349 3334 439 3393 fuisse
459 3335 542 3411 Virg.
568 3333 638 3393 AEu.
663 3332 720 3403 IX,
742 3330 811 3400 629.
833 3330 1033 3409 suspioabatur
1054 3329 1131 3389 Pith.
1174 3329 1241 3391 156.

115 3434 206 3505 cadit,
219 3435 248 3493 in
259 3435 439 3495 abdicatione
452 3434 640 3513 magistratus
652 3433 754 3492 aliisve
767 3430 943 3491 solennibus.
1032 3452 1106 3491 aiore
1129 3432 1241 3507 Numoe,

112 3552 172 3591 aon
184 3534 270 3612 regio,
284 3534 337 3594 sed
351 3534 446 3614 palam
461 3544 491 3593 et
504 3533 600 3611 priseo
613 3532 682 3603 ritu,
703 3550 765 3609 prae
785 3550 816 3589 ae
837 3530 932 3590 ferens
954 3530 1079 3609 speeiem
1102 3531 1241 3611 religiosi,

111 3636 202 3715 qualis
227 3637 327 3695 Numa
339 3637 404 3695 fuit.
447 3645 466 3672 “
480 3634 664 3701 Quibusdam
677 3634 706 3692 h.
720 3632 739 3691 1.
755 3633 850 3692 Numa
874 3634 986 3693 satiriee
1008 3635 1092 3713 tangi
1114 3635 1242 3713 videtur,

110 3741 168 3819 qui,
184 3739 321 3819 quamvis
334 3738 487 3817 religiosus
512 3738 669 3807 videretur,
691 3744 790 3795 umen
812 3734 894 3795 nulla
914 3736 1055 3815 religione
1077 3738 1241 3805 tenebatur,

109 3838 218 3915 quique
231 3836 313 3915 apud
327 3836 603 3926 ethnicos-auctores
616 3831 751 3913 politicus
764 3830 866 3909 magis,
881 3851 970 3909 quam
988 3831 1057 3911 pius
1073 3831 1223 3910 jadieatur
1230 3852 1241 3900 ς

108 3936 156 4015 qui
170 3936 303 4005 demum,
318 3945 354 3994 ut
365 3933 406 3994 ait
420 3933 551 3994 Lactant
567 3932 592 4001 1,
608 3938 667 4003 22,
689 3950 770 4010 prtum
794 3928 863 3987 αὶὶω
872 3928 1000 4007 falleret,
1023 3949 1054 3989 re
1075 3928 1167 4007 speum
1187 3948 1241 3987 aon
1364 3957 1368 3966 ν

97 4036 204 4117 fissilis
212 4038 245 4103 ,·''
260 4036 336 4096 Aeh.
348 4036 435 4112 jurat
447 4034 530 4095 clam.
557 4039 624 4099 157.
627 4036 713 4112 jurat
721 4048 775 4109 per
783 4028 921 4108 Eponam,
929 4040 963 4090 ut
970 4028 1058 4102 ὄμνυμι
1066 4030 1122 4095 τούς
1129 4026 1243 4105 Saolcstl

133 4260 153 4289 ¹·
170 4274 194 4305 v.
213 4256 351 4305 Herodian.
367 4256 406 4318 11,
430 4262 468 4307 10.
489 4265 513 4307 et
536 4251 653 4305 'lbeoerit
666 4252 750 4312 XXX,
762 4258 794 4303 22
809 4267 857 4318 seq·
894 4251 933 4301 Cf.
948 4251 1056 4302 Broukb.
1076 4261 1100 4303 et
1111 4252 1200 4319 Heyae
1211 4254 1242 4305 ed

106 4323 194 4375 Tubuli.
213 4320 263 4379 lv,
278 4327 314 4381 15,
329 4325 367 4371 15.
1204 4331 1208 4350 “
