3100 5250
418 404 470 472 IN
491 403 656 474 JUVEN.
680 405 779 472 SAT.
803 407 918 475 VIlI..
1163 415 1228 478 888

88 577 269 659 gludincio
289 580 421 660 accipere
440 579 518 652 licet,
538 591 573 642 ut
591 580 658 642 duc
673 587 754 656 ortae
774 549 864 640 modd
878 587 1045 643 mmmotc
1057 599 1138 642 nuuc
1150 603 1230 644 cam·

88 692 245 760 pientur,
266 693 299 744 et
317 701 420 745 flemus
435 681 485 762 ait,
505 679 709 762 gladiatoriam
728 693 823 744 arten
840 682 1000 743 hiatrionie
1019 685 1231 762 preferendam

88 802 153 842 moe
166 794 200 843 et
212 792 340 844 mortem
353 782 452 862 potius
465 781 587 842 viriliter
600 782 809 862 oppetendam,
829 801 922 862 quum
940 781 1085 861 pudorem
1095 785 1233 846 amitten·

89 879 176 942 dum.
219 880 314 960 Finge
334 880 449 942 doctius
468 881 581 942 diction
601 881 718 942 videtur
737 901 808 961 pro:
829 882 935 960 effioge
950 879 1050 941 animo
1065 892 1128 954 mo,
1146 884 1234 946 deuio

88 986 139 1046 dir
149 1009 163 1054 ,·
188 985 247 1048 nisi
258 987 357 1066 poo'm
369 985 427 1066 leg.
436 989 524 1066 finge
536 1021 577 1040 -·
585 987 663 1067 poni,
683 987 741 1060 fac,
761 987 850 1066 finge,
869 987 925 1048 tibi
942 987 1076 1066 prmui.
1110 988 1235 1068 pulpito,

88 1087 165 1148 ludi
179 1089 296 1150 scenici
308 1108 335 1146 v.
347 1089 386 1148 ad
401 1088 461 1161 ΙΙΙ,
479 1097 545 1157 174.
560 1101 591 1150 et
609 1089 696 1164 XIV,
713 1097 783 1157 257.
796 1125 837 1140 -
853 1099 922 1160 197.
960 1091 1086 1150 Senium
1105 1088 1170 1148 bl
1192 1090 1236 1151 ita

91 1191 184 1268 cepit
196 1191 239 1248 H.
254 1191 397 1263 Valetium
418 1201 438 1230 “
451 1191 544 1254 Estne
558 1192 714 1272 quiequam
726 1213 763 1252 ex
778 1193 909 1271 patrimis
919 1192 981 1252 illia
988 1193 1192 1254 decoctonbua
1202 1202 1236 1252 ot

92 1292 221 1352 simmia
241 1292 313 1352 odeo
327 1292 396 1354 vitre
408 1313 468 1354 aute
482 1303 625 1366 metuens,
646 1305 682 1355 ut
693 1295 827 1354 invidere
840 1294 993 1375 Thymele
1005 1295 1088 1354 velut
1099 1295 1236 1355 nobiliori
1274 1335 1276 1339 .

93 1393 206 1463 mune,
226 1405 280 1454 aut
297 1395 435 1474 stupidus
448 1397 588 1456 Corinthi·
604 1395 715 1476 collega
728 1396 831 1456 haber-i
842 1396 936 1469 malit,
950 1408 985 1457 ut
996 1398 1080 1457 saber
1093 1398 1177 1457 fabro
1187 1399 1235 1456 iu-

95 1497 192 1568 videt,
212 1515 300 1577 quom
314 1495 458 1575 gladiator
467 1498 498 1558 ?'’
540 1499 722 1559 Crediderim
733 1500 844 1590 potina,
859 1499 1010 1580 zelotypam
1022 1499 1083 1559 diei
1096 1499 1235 1560 latinum

99 1599 237 1674 mimum,
256 1599 310 1678 qui
329 1619 483 1680 pereanem
496 1601 668 1662 sustinuerit
681 1600 736 1661 viri
750 1600 890 1681 zelotypi,
910 1602 1009 1662 uxoria
1022 1602 1098 1662 dolia
1109 1603 1237 1662 circum·

96 1699 194 1770 venti,
207 1708 236 1758 et
250 1698 400 1778 Thymelen
411 1719 474 1760 cese
487 1699 618 1770 mimam,
633 1719 701 1777 que
714 1698 805 1779 hujua
817 1700 918 1760 uxoria
931 1710 1029 1778 panea
1041 1693 1143 1778 egerit
1157 1719 1185 1758 v.
1197 1700 1236 1759 od

100 1795 127 1868 1,
149 1793 198 1856 36.
276 1795 392 1874 collega,
416 1796 520 1866 accius,
543 1794 678 1865 collusor,
702 1794 840 1867 Corinthi,
863 1797 957 1868 immi,
976 1797 1092 1876 dupidi,
1112 1817 1141 1857 v.
1164 1796 1235 1856 Ver.

97 1895 183 1954 Lem
196 1903 227 1954 e
238 1883 282 1953 'ad
296 1893 323 1965 1,
338 1892 387 1954 ³6.

140 1999 200 2062 198
215 2011 276 2071 aeq.
292 2013 319 2052 v.
334 1989 372 2052 ad
386 1992 446 2062 ΙΙΙ,
462 1993 499 2054 61
516 2013 576 2073 aeq.
652 1995 804 2054 οὶιΙιαναιΙο
816 1995 961 2074 Principe,
974 2017 1069 2074 quum
1081 1998 1162 2058 Nero
1175 1997 1238 2076 ipae

98 2096 129 2156 io
141 2096 264 2156 tbeatria
278 2095 389 2155 cium
402 2107 494 2156 canat.
504 2095 528 2134 ⁶¹
571 2097 659 2156 Poeta
673 2097 702 2155 u
716 2097 736 2155 Ι.
750 2097 847 2167 docet,
860 2108 1004 2174 quantum
1017 2109 1142 2158 noceant
1152 2099 1238 2178 pravi

101 2213 199 2254 morea
211 2193 393 2272 Principum,
407 2213 531 2274 quorum
544 2195 606 2254 vito
619 2193 734 2254 civibus
742 2195 783 2254 ad
791 2193 967 2254 imitandum
978 2195 1085 2254 debeat
1096 2215 1158 2254 eaae
1170 2215 1238 2274 pro·

100 2293 204 2372 pon'ta.
243 2291 290 2350 Cf.
304 2291 359 2362 Vl,
373 2291 441 2359 617.
455 2325 497 2342 -
511 2291 737 2362 199.lioecullro
751 2292 885 2372 quiderit
904 2292 961 2351 aiei
977 2293 1069 2362 ludus,
1089 2305 1157 2372 poet
1175 2295 1239 2356 bueo

101 2391 177 2471 quid
194 2391 361 2452 ridebimus
375 2391 406 2450 in
421 2392 503 2454 Urbe
516 2401 625 2471 praeter
645 2391 753 2452 ludos?
793 2391 896 2452 Miuua
914 2392 990 2452 forte
1002 2393 1154 2471 prebenda
1167 2393 1240 2454 Brit.

99 2491 193 2550 ratio:
220 2489 345 2550 Poetbac
365 2490 438 2570 quid
458 2489 624 2550 videbimur
638 2489 670 2547 in
685 2489 778 2559 Urbe,
796 2489 854 2549 niai
872 2509 974 2550 omnee
993 2489 1105 2552 uobilea
1118 2492 1240 2552 aceuicie

92 2573 214 2656 'artibm
227 2595 351 2655 vacare?
392 2593 479 2672 Pejor
492 2609 562 2653 vcra
576 2602 622 2653 eet
634 2591 685 2651 illo
696 2591 773 2651 Ach.
786 2602 818 2653 et
830 2590 984 2653 Duaoulx:
1006 2592 1087 2661 Quid
1096 2603 1165 2673 poet
1175 2593 1240 2655 haec

98 2696 225 2775 turpius
236 2695 354 2766 videbis,
368 2696 424 2755 niei
437 2695 542 2755 ludum
555 2694 787 2773 gladiatorium?
801 2695 866 2774 jam
884 2696 996 2756 nobilee
1016 2697 1072 2755 viri
1084 2696 1239 2759 hietrioom

98 2798 180 2859 sacti
193 2808 278 2859 aunt:
297 2798 365 2875 quid
379 2798 466 2857 vilius
479 2818 542 2859 esec
555 2807 686 2876 possunt,
707 2797 764 2857 nisi
782 2797 982 2875 gladiatores?
1022 2798 1071 2858 Sic
1085 2813 1171 2879 poeta
1183 2802 1240 2862 ael*

100 2910 171 2958 tem
185 2917 284 2957 nuans
294 2897 422 2970 dixisset,
435 2915 495 2957 non
507 2896 612 2956 ludar.-
632 2914 702 2955 nam
716 2894 800 2955 ludus
811 2916 927 2977 aemper
946 2895 985 2956 ad
1001 2916 1117 2957 coenam
1130 2911 1242 2978 spectet

99 3008 130 3059 et
143 3016 250 3058 mauu
260 2996 299 3056 od
309 2996 493 3076 gladiatores.
537 3003 598 3057 200
613 3014 673 3074 aeq.
687 2995 727 3055 Et
740 2995 820 3068 illud,
835 2998 924 3057 edam
936 2996 1003 3067 hoc,
1023 2996 1139 3057 dedecus
1156 2998 1242 3059 Urbis

100 3100 196 3171 iuba,
203 3100 268 3179 jam
277 3120 395 3179 quoque
407 3100 549 3169 videmus,
559 3097 764 3177 quodaummo
772 3099 850 3161 Urbi
860 3111 906 3161 eat
914 3100 1060 3172 dedecori,
1074 3100 1240 3174 Gracchum,

101 3202 247 3263 nobilium
270 3202 409 3282 aliquem,
430 3209 610 3282 pagnanum,
634 3210 664 3260 et
687 3200 809 3280 quidem
833 3220 894 3262 non
912 3201 987 3261 faeie
999 3202 1088 3262 mmia
1100 3213 1187 3273 tecta,
1208 3214 1242 3265 ut

106 3306 252 3377 ldimillo,
267 3307 320 3385 qui
333 3306 426 3385 galea,
441 3316 524 3365 scuto
537 3315 568 3364 et
579 3304 688 3383 gladio,
709 3304 758 3364 vel
770 3319 803 3364 ut
817 3306 943 3374 Senator,
964 3306 1017 3382 qui
1036 3305 1137 3383 gladio
1148 3316 1179 3367 et
1191 3308 1241 3368 oli·

101 3429 169 3488 peo,
192 3408 239 3467 vel
259 3416 295 3469 ut
318 3408 428 3479 Tbrex,
453 3408 504 3488 qui
524 3426 627 3487 parma
646 3428 668 3467 e.
690 3408 769 3486 pelta
789 3419 819 3466 et
830 3405 915 3483 falce
930 3405 1042 3485 rupino,
1062 3407 1092 3466 b.
1106 3408 1206 3469 caica
1218 3431 1241 3470 a.

107 3512 213 3589 hur-pe,
227 3510 324 3583 utitur,
339 3511 392 3571 aed
405 3511 478 3570 nudo
490 3510 578 3583 vultu,
593 3520 636 3583 ut,
647 3506 910 3588 quoe'impudentia
921 3507 1048 3568 hominia
1060 3520 1114 3581 eat,
1127 3512 1165 3571 ab
1178 3528 1241 3570 om-

105 3614 197 3675 nibua
209 3624 409 3693 cognoscatur,
424 3613 525 3673 habitu
541 3612 671 3682 Retiarii,
690 3612 741 3690 qui
755 3610 833 3671 solue
846 3630 882 3669 ex
895 3611 1105 3690 gladiatoribus
1114 3612 1242 3691 fraaton

103 3732 158 3775 am
180 3712 323 3773 omooodit
341 3713 434 3792 galea,
456 3712 508 3772 aed
528 3722 628 3791 aperta
647 3709 721 3770 facie
741 3719 795 3779 est,
815 3721 847 3769 et
858 3703 925 3769 ‘eolo
940 3711 1033 3770 malea
1046 3722 1134 3790 atque
1145 3712 1244 3790 galero

103 3825 270 3885 mumma,
293 3814 448 3875 collectum
472 3832 705 3894 suspensumque
725 3812 824 3871 derlro
846 3832 936 3872 manu
958 3822 1016 3873 rete
1035 3814 1067 3873 in
1085 3813 1244 3873 adversarii

103 3925 196 3993 caput
205 3914 315 3995 jecere,
330 3932 456 3995 eumque
469 3914 510 3975 ita
523 3914 697 3993 impeditum
710 3912 829 3971 tridente
841 3913 902 3972 aive
913 3911 1035 3991 succino
1046 3912 1096 3991 (ut
1106 3912 1148 3982 ΙΙ,
1161 3914 1244 3990 148.)

104 4016 270 4077 interficere
290 4026 421 4087 conatur,
447 4017 504 4089 vel,
524 4017 549 4077 ai
562 4016 669 4077 erravit
682 4026 713 4074 et
728 4014 912 4094 nequidquam
925 4016 995 4074 retia
1008 4014 1118 4095 effudit
1138 4012 1243 4083 emisit,

103 4118 198 4179 eduae
210 4116 297 4199 sugit
311 4131 350 4190 et,
370 4132 527 4199 postquam
540 4118 602 4179 'rete
615 4120 722 4179 iterum
735 4117 863 4196 collegit,
884 4118 960 4179 redit
972 4119 1004 4178 in
1016 4138 1148 4198 pugnum
1160 4138 1243 4198 repe·

105 4406 112 4415 .
135 4338 200 4454 ‘lutiae
207 4356 259 4454 1«pio
270 4356 292 4390 v.
305 4341 403 4391 Sueten.
416 4342 473 4392 Ner.
484 4341 661 4411 ffl—ffig'l'oc.
681 4342 747 4391 Anu.
764 4342 840 4401 XIV,
855 4346 891 4392 ll.
905 4347 942 4392 15.
955 4351 979 4391 ct
992 4341 1067 4399 XVI,
1079 4349 1102 4392 4.
1117 4352 1142 4393 ct
1154 4343 1250 4407 xipuit·

105 4420 131 4451 uo
143 4420 167 4453 va
231 4420 266 4455 cr.
