3100 5250
289 423 362 485 ⁵64-
660 410 1052 489 COMMENTARIUS
1083 462 1091 471 ·

291 608 342 673 se,
356 610 375 663 a
388 622 447 683 seq.
472 603 694 675 1,109,e.v¹‚‘
715 585 766 675 9³,
788 612 816 664 a
838 602 967 662 Tamen.
988 598 1066 659 adv.
1088 592 1266 663 xxm-ss.
1285 626 1328 639 -
1349 596 1427 649 eoa.

290 701 381 761 Poeta
400 700 559 781 respexisse
580 687 697 762 ridetur
718 702 757 762 sd
781 712 853 763 nota
876 700 927 759 illa
946 698 1045 766 verba,
1068 694 1177 775 quibua
1195 686 1427 765 urinaevoetigal

289 802 504 862 commendasse
517 802 626 863 dicitur
640 802 843 883 Vespasianus.
864 822 893 861 v.
909 800 988 860 Suet.
1003 799 1091 876 Vesp.
1107 802 1156 855 23.

329 906 398 961 206.
419 900 538 960 Dicitur
558 902 681 982 alfwarde
703 902 838 959 sententio
859 898 927 959 Diis
946 905 1029 976 atque
1048 894 1108 973 ipso
1127 892 1200 953 Jove
1213 888 1313 968 dfgffls
1330 886 1430 966 (118ῖῆ
1508 966 1509 1005 1

290 1022 355 1082 quse
368 1001 416 1061 dei
429 1002 554 1083 alicujus
572 1014 662 1082 atque
682 1004 773 1083 ipsius
793 1004 875 1065 Jovie
896 1000 1038 1063 sententia
1051 998 1096 1057 ait.
1177 992 1315 1053 ualentia
1330 998 1427 1070 Ml»
1508 1006 1509 1063 l

289 1100 350 1160 scil.
364 1100 464 1171 Ennii,
485 1113 579 1163 sumta
600 1124 618 1162 a
638 1102 864 1183 Bellerophonte
884 1099 1044 1179 Euripidis,
1060 1096 1112 1177 qui
1125 1095 1183 1154 hoc
1197 1094 1310 1173 pariter
1322 1092 1428 1150 ironice
1508 1086 1509 1117 1

288 1202 384 1277 dirit3
405 1205 492 1265 Pam.
508 1206 672 1285 Grangoeus
685 1206 865 1285 comparavit
885 1206 974 1265 verba
994 1201 1095 1262 incerti
1115 1211 1213 1279 poete
1227 1218 1278 1277 ²1³·
1294 1196 1360 1255 Seth
1375 1196 1428 1273 ΕΡ·

290 1312 357 1364 115.
399 1304 465 1364 Non
485 1324 572 1385 quon
591 1316 618 1366 et
638 1308 731 1367 unde.-
752 1308 821 1387 quid
839 1306 951 1375 lubeas,
973 1310 1077 1361 mntem
1098 1308 1209 1379 rogant.
1223 1334 1267 1346 -
1287 1296 1426 1356 Uadelo-

287 1402 362 1473 teas,
384 1402 444 1462 scil.
465 1426 546 1484 opes,
567 1405 693 1476 diuitias,
713 1406 760 1466 vel
781 1406 861 1485 quod
874 1402 1013 1484 possides.
1055 1398 1183 1469 Habere,
1198 1408 1235 1457 ut
1248 1395 1326 1477 ἔχει,
1340 1394 1425 1454 absol.

287 1520 343 1578 pro
356 1498 476 1560 divitem
489 1522 551 1562 esse
570 1503 700 1581 positum
719 1504 881 1583 accipiebat
901 1502 1013 1579 Grang.
1054 1504 1122 1557 208.
1137 1495 1309 1575 νιρεπίίὂν,
1323 1512 1426 1571 purvu-

286 1596 334 1671 lis,
347 1610 381 1659 ut
394 1600 442 1680 qui
455 1600 483 1659 ia
492 1602 633 1682 purpuris
646 1612 722 1682 repe!
733 1624 781 1682 ap.
796 1600 920 1669 Quintil.
934 1600 1003 1672 1,.1,
1018 1596 1048 1657 6.
1089 1594 1174 1655 eonf.
1189 1594 1291 1654 Barth.
1305 1592 1344 1651 ad
1355 1591 1424 1651 Stat.

289 1697 384 1759 Theb.
400 1700 455 1771 tx,
471 1708 538 1767 427.
619 1720 701 1773 ossoe,
716 1722 744 1761 v.
758 1702 828 1761 Var.
843 1700 925 1760 Lea.
976 1704 1045 1768 209.
1058 1704 1125 1755 uate
1139 1694 1222 1773 ulpia
1235 1702 1264 1751 el
1275 1692 1348 1765 bela,
1361 1690 1424 1769 pri·

288 1822 411 1883 usquam
430 1802 525 1881 prima
537 1802 688 1863 literarum
700 1803 846 1863 elementa
858 1802 979 1862 discant.

328 1904 397 1958 212.
418 1898 574 1970 festinare,
594 1901 717 1961 avaritie
735 1901 867 1959 imbuere
882 1899 928 1959 vel
947 1908 981 1957 ut
994 1897 1109 1957 imbuas
1122 1915 1156 1953 es
1167 1892 1237 1953 filios
1248 1903 1314 1951 tuos
1326 1910 1420 1969 quam
1509 1880 1510 1969 1

285 2000 415 2079 manum
428 2014 459 2063 et
474 2014 543 2063 ante
556 2022 657 2064 annos
739 2002 885 2063 Proeelrre
904 2000 1022 2081 aliquem
1042 1998 1191 2065 dicuntur,
1210 1996 1258 2077 qui
1277 1992 1421 2073 spondent

255 2094 264 2109 ⁸
286 2122 341 2182 pro
354 2124 398 2174 eo,
412 2117 447 2165 ut
460 2106 526 2167 talis
539 2106 577 2168 sit
591 2106 638 2166 vel
650 2106 768 2165 futurus
783 2106 829 2175 ait,
850 2102 944 2183 qualis
961 2123 1023 2163 esse
1042 2102 1143 2171 debet,
1163 2098 1213 2158 vel
1227 2095 1341 2176 qualem
1352 2116 1420 2155 eum

286 2222 350 2263 esse
362 2204 411 2263 alii
425 2206 550 2285 cupiunt
569 2218 600 2265 et
617 2218 727 2286 optant.
748 2225 777 2266 v.
792 2204 862 2263 Em.
878 2204 950 2263 clav.
966 2200 1027 2265 cie.
1043 2200 1211 2278 Grangaeus
1224 2196 1348 2257 contidit
1360 2216 1420 2255 ver·

286 2320 351 2361 sum
371 2304 517 2363 senarium
537 2304 630 2383 ignoti
649 2314 744 2384 poetae
763 2323 811 2382 ap.
829 2303 889 2362 Cic.
906 2302 961 2380 Ep.
977 2300 1033 2369 IX,
1047 2307 1075 2366 7.
1096 2302 1193 2355 aam
1212 2300 1330 2367 putam
1347 2300 1420 2376 ιμ’*-

285 2428 352 2474 roste
364 2409 532 2467 amaeam.
613 2410 758 2489 magistro,
772 2422 811 2480 te,
825 2420 955 2489 parente.
998 2413 1066 2465 218.
1080 2412 1150 2463 eta
1165 2401 1416 2476 Quemadmodum

285 2506 364 2583 Ajaa
379 2506 568 2567 Telamonius
579 2519 610 2570 et
625 2508 756 2569 Achilles
768 2518 904 2591 parentes
918 2526 986 2567 suos
999 2504 1116 2574 virtute,
1135 2504 1177 2563 iu
1190 2514 1223 2563 te
1236 2502 1286 2561 filii
1297 2502 1338 2561 tui
1350 2522 1415 2561 ara·

282 2608 349 2668 ritis
361 2610 557 2692 omnibusque
571 2612 728 2674 sceleribus
741 2613 868 2674 vincent.

321 2718 381 2772 215
395 2731 456 2790 seq.
478 2713 558 2773 Saloe
583 2727 614 2774 et
636 2714 699 2776 hec
719 2716 819 2776 dieta:
852 2715 974 2794 ignosce
988 2711 1140 2792 puerulis,
1166 2713 1190 2771 si
1214 2712 1269 2771 tibi
1292 2709 1416 2770 nondum

280 2833 367 2894 pares
379 2813 490 2875 fuerint
502 2815 679 2890 sceleribus,
702 2829 849 2898 exspecta,
872 2817 944 2876 dum
958 2815 1149 2883 adoleverint,
1171 2813 1348 2892 videbisque,
1362 2815 1416 2871 ini·
1510 2857 1511 2896 ,

282 2915 424 2993 quitatem
443 2933 546 2975 eorum
568 2937 636 2976 cum
658 2918 744 2976 annis
764 2916 898 2976 crevisse.
980 2915 1097 2974 nondum
1120 2913 1261 2993 impleuere
1281 2911 1413 2970 seedrllae
1510 2897 1511 2938 1

281 3021 399 3072 steturoe
411 3012 485 3072 molo
499 3013 635 3094 nequitie,
649 3033 764 3073 summa
777 3013 919 3092 nequitia,
934 3013 1028 3092 qualis
1041 3025 1086 3072 est
1098 3023 1255 3092 parentum
1278 3009 1410 3067 nondum

281 3112 350 3171 satis
362 3112 421 3172 alte
434 3113 465 3171 in
478 3123 592 3172 teneros
606 3111 770 3191 penetravit
785 3113 898 3192 animos
915 3125 946 3172 et
966 3125 1117 3191 tamquam
1131 3111 1206 3170 vertis
1217 3107 1411 3186 medullisque

280 3205 372 3274 infixa
383 3216 483 3276 heret.
524 3223 593 3282 217.
605 3235 758 3274 sermonen
772 3215 848 3296 longi
857 3215 949 3286 cultri,
964 3213 1138 3275 novaculam
1152 3214 1242 3272 barbe
1253 3209 1409 3270 tondenda

280 3331 368 3372 eausa
380 3315 534 3389 admittere,
548 3314 579 3374 h.
592 3335 618 3374 e.
631 3312 806 3374 adolesoere.
854 3321 923 3376 218.
933 3313 1065 3394 perjuria
1079 3313 1176 3371 suadet
1188 3330 1288 3372 m
1301 3309 1413 3388 aigum

279 3415 363 3491 parvi
384 3429 514 3494 questus
533 3417 739 3496 commodique
757 3437 846 3476 eausa
865 3417 1019 3496 pejerabit.
1061 3423 1131 3486 219.
1145 3415 1285 3476 iurantes
1297 3433 1417 3492 premu-

280 3523 382 3591 tesqoe
396 3515 546 3592 tangebant
559 3535 649 3586 arom,
661 3516 753 3594 (conf.
769 3515 829 3586 III,
847 3521 912 3575 145.
924 3513 1013 3584 XIII,
1029 3520 1076 3584 89.
1098 3514 1182 3592 Virg.
1197 3513 1267 3572 AEn.
1282 3511 1337 3582 IV,
1351 3519 1415 3580 219.

280 3615 351 3684 1111,
365 3623 433 3674 201.
448 3615 513 3674 Liv.
529 3617 612 3688 11111,
629 3626 655 3676 1.
669 3617 752 3686 etad
765 3617 818 3677 sil.
835 3617 893 3684 III,
911 3619 973 3696 82.)
994 3616 1042 3676 vel
1058 3617 1153 3696 pedes,
1173 3637 1275 3694 genua
1288 3627 1318 3675 et
1332 3617 1415 3676 simu

278 3716 357 3778 lacre
370 3717 501 3788 deorum,
516 3729 550 3778 ut
558 3738 605 3798 ap.
622 3719 701 3780 Suet.
715 3719 783 3780 Tib.
798 3727 846 3786 27.
868 3729 898 3778 et
912 3719 1001 3778 Ouid.
1017 3719 1089 3778 Met.
1104 3719 1195 3789 XIII,
1211 3726 1282 3777 585.
1366 3718 1413 3778 Ce-

277 3821 351 3879 reris
362 3840 418 3899 pro
429 3839 616 3899 quocumque
635 3821 807 3898 nomiuejet
822 3820 943 3900 quidem
964 3821 1151 3882 sanctissimo.
1207 3829 1279 3880 220.
1295 3819 1413 3887 Elatum,

276 3931 423 3980 mortuam
436 3939 472 3979 ac
484 3917 639 3998 sepultam.
679 3919 811 3977 Verbum
832 3919 973 3990 lunerale,
995 3931 1094 3998 utlap.
1116 3919 1202 3998 Prop.
1218 3919 1273 3988 IV,
1290 3929 1319 3990 7,
1336 3927 1363 3985 7.
1380 3918 1412 3976 al.

174 4057 182 4074 .
276 4037 306 4077 r.
319 4040 383 4099 sup.
396 4020 435 4080 ad
456 4020 482 4091 I,
495 4027 598 4086 72.-
611 4027 679 4079 221.
694 4019 847 4097 Mostffero
868 4041 928 4078 cum
949 4021 1019 4090 dole,
1044 4039 1161 4098 magna,
1185 4031 1217 4079 et
1240 4019 1313 4080 bine
1334 4041 1413 4080 musa

275 4117 384 4176 mortis
427 4117 526 4177 Verba
539 4116 634 4175 limina
655 4117 729 4174 subit
748 4128 882 4196 spectant
900 4117 938 4175 ad
959 4119 1048 4176 ritum
1068 4116 1240 4195 nuptialem,
1261 4137 1324 4196 quo
1344 4137 1414 4177 nova

275 4229 379 4296 nupta,
402 4219 439 4277 ad
453 4220 531 4280 ades
545 4220 642 4298 sponsi
655 4219 754 4288 ducta,
775 4232 810 4278 ut
822 4219 914 4278 invita
929 4219 1127 4299 virginitatem
1141 4217 1292 4297 deponere
1305 4221 1416 4280 videm·

276 4330 334 4388 tur,
349 4340 368 4379 a
380 4323 589 4400 paranymphis
602 4323 772 4400 portabatur
792 4333 871 4382 uana
885 4321 975 4394 dues,
997 4323 1078 4402 quod
1096 4333 1156 4382 tam
1169 4323 1208 4382 eb
1223 4321 1419 4401 ingrediente.

275 4438 363 4496 quam
378 4421 415 4479 ab
429 4419 597 4496 egrediente
612 4419 694 4497 tangi
708 4420 872 4481 ominosum
886 4433 957 4483 erat.
979 4423 1021 4501 (r.
1037 4421 1137 4482 Burm.
1149 4422 1189 4484 ad
1203 4423 1295 4500 Orid.
1308 4425 1380 4482 Am.
1395 4421 1419 4490 I,

529 4522 545 4563 s
