3100 5250
401 417 453 484 IN
474 417 640 489 JUVEN.
664 425 764 490 SIT.
788 425 886 494 VIII.
1142 429 1211 490 361.

54 595 179 656 celtu.
229 592 309 673 Ejus
330 591 446 673 generis
468 603 537 656 sunt
555 595 638 658 hec:
659 595 835 672 venumdare,
845 599 1034 680 priuilegium,
1047 599 1206 681 putum,

56 723 122 780 quie
135 699 231 780 pune
244 698 358 760 recenti
371 717 457 758 seusu
470 698 611 778 leguntur
620 701 685 781 jem
697 703 779 782 apud
792 704 958 764 Senecsm.”
971 735 1015 752 --
1027 702 1058 761 iu
1071 702 1131 776 illu,
1146 714 1207 764 tem

97 909 139 965 74
160 919 227 979 seq.
246 899 338 960 Poeta
358 919 376 958 e
398 898 535 960 Rubellio
554 901 594 960 sd
614 901 769 963 Ponticum
790 904 875 965 redit
929 902 1053 972 Geumi,
1070 901 1207 982 judicari,

58 1001 215 1060 estimari.
256 1007 302 1066 ¹¹15.
317 997 402 1058 tulit
414 998 507 1057 laudis
517 997 635 1078 futuru
656 1004 708 1080 (ut'
723 1001 817 1061 leudis
831 1011 951 1082 podere
970 1023 1016 1082 sp.
1031 1002 1134 1062 Horat.
1148 1003 1210 1065 od.

60 1099 124 1168 111,
144 1106 203 1170 30,
217 1101 260 1176 7.)
280 1117 367 1176 ogere,
389 1095 419 1156 h.
434 1118 460 1158 e.
480 1098 565 1170 nihil,
587 1099 666 1178 quod
689 1100 807 1160 leudem
820 1100 901 1180 opud
914 1112 1045 1179 posteros
1057 1112 1167 1162 mereat
1178 1113 1210 1162 et

59 1212 276 1281 consequetur.
316 1199 444 1267 76-78.
460 1199 602 1262 Praeclare
616 1203 766 1273 sententie,
787 1203 960 1282 gratissimis
978 1203 1155 1282 imaginibus
1174 1225 1216 1266 ec-

60 1301 251 1380 metephoris
265 1319 407 1378 expresso.
449 1300 558 1360 Misera
571 1311 616 1360 est
629 1301 759 1362 conditio
770 1302 907 1372 hominis,
918 1322 988 1362 non
1001 1303 1136 1383 propriis,
1157 1305 1210 1366 sed

62 1399 214 1478 majorum
228 1397 386 1485 virtutibus
401 1395 597 1477 laudibusque
610 1399 651 1458 itu
667 1399 828 1473 innitentis,
843 1410 885 1472 ut,
900 1401 947 1461 his
959 1403 1124 1473 subtractis,
1137 1404 1210 1464 imr-

62 1501 201 1579 gimrius
212 1491 308 1560 hodor
320 1509 400 1560 totus
414 1510 539 1568 corruet,
562 1500 654 1560 instar
673 1501 752 1572 tecti,
774 1500 864 1580 quod,
884 1501 1028 1562 columnis
1048 1503 1209 1574 subductis,

65 1605 234 1674 collabitur,
247 1604 296 1664 vel
309 1602 387 1673 vitis,
402 1623 469 1682 quae
482 1602 564 1662 humi
581 1603 660 1682 jacet
673 1612 703 1663 et
716 1605 876 1674 marcescit,
897 1604 953 1664 uisi
967 1604 1055 1665 ulmis
1067 1617 1211 1690 sustente-

66 1719 131 1767 tur.
178 1705 429 1775 Quemadmodum
449 1705 548 1784 iteque
571 1715 658 1774 tecto,
683 1725 721 1764 ne
742 1705 912 1776 collabetur,
932 1705 1083 1777 columnis,
1104 1709 1210 1780 etviti,

69 1826 107 1874 ut
119 1813 207 1874 altius
219 1833 251 1872 se
263 1835 282 1872 a
295 1825 374 1874 terre
387 1810 478 1881 tollat,
493 1809 567 1870 ulmi
579 1810 683 1882 fulcro,
702 1811 743 1869 itu
754 1809 910 1881 nobilitati
924 1831 942 1869 a
954 1811 1115 1891 majoribus
1126 1812 1211 1872 here·

69 1915 162 1973 ditate
176 1913 297 1983 relicte,
316 1922 352 1972 ut
367 1910 527 1990 splendeat,
547 1910 674 1990 propriis
688 1909 798 1969 meritis
811 1929 886 1987 opus
899 1921 952 1969 est.
965 1945 1007 1958 -
1020 1919 1068 1978 78.
1083 1912 1166 1973 Vites
1179 1914 1212 1972 iu

71 2013 168 2083 Italia,
182 2013 236 2072 ubi
248 2012 364 2072 altiores
377 2021 456 2082 sunt,
477 2010 566 2080 ulmis,
588 2009 636 2069 vel
648 2008 773 2088 platanis
786 2019 817 2067 et
829 2008 957 2088 populis,
975 2010 1099 2089 adjungi
1112 2033 1134 2070 s.
1148 2013 1211 2072 elli-

68 2116 140 2195 μή
154 2115 305 2188 solebeut3
323 2113 404 2175 unde
424 2113 511 2172 ulmos
530 2111 700 2193 pruritibus
714 2110 790 2170 dixit
805 2111 913 2170 Juven.
928 2110 983 2181 v1,
1000 2119 1066 2172 150.
1081 2124 1111 2172 et
1124 2116 1213 2174 muri

69 2229 142 2278 tare
152 2217 267 2297 populor
279 2217 375 2278 ulidus
387 2216 490 2278 Horat
505 2215 602 2293 Epod.
613 2222 643 2285 2,
658 2221 705 2272 10.
719 2225 749 2278 et
761 2213 907 2292 platanum
920 2212 1039 2273 ooelidem
1049 2215 1215 2296 ardoresque

70 2317 181 2376 idduae
193 2317 236 2395 (h.
249 2338 273 2376 e.
287 2317 394 2396 quibus
409 2313 499 2374 nullm
512 2314 586 2374 vites
596 2313 717 2392 junctae,
739 2322 774 2372 ut
786 2313 817 2370 h.
830 2313 850 2371 l.
864 2311 955 2374 oiduoe
966 2314 1048 2393 ulma)
1062 2313 1140 2374 idem
1155 2315 1213 2377 Od.

72 2417 121 2486 II,
139 2424 184 2486 15,
199 2425 229 2476 4.
249 2428 279 2476 et
297 2415 351 2487 IV,
367 2423 395 2485 5,
411 2421 458 2474 30.
480 2412 517 2474 ud
538 2433 605 2492 quoe
625 2411 689 2472 loce
709 2431 738 2472 v.
753 2411 915 2471 Mitscherl.
956 2413 1039 2472 Cous.
1058 2414 1162 2476 Heius
1175 2415 1217 2475 sd

73 2517 167 2578 Ouid.
183 2517 257 2577 Met
271 2516 358 2587 XIV,
373 2513 440 2576 666.

117 2625 273 2688 79-134
293 2615 381 2675 Poeta
392 2634 472 2675 nunc
485 2611 604 2693 egregie
617 2621 648 2673 et
660 2634 768 2693 magno
781 2613 938 2673 verborum
948 2615 1216 2697 sententiarumque
1272 2692 1296 2701 ..

71 2720 215 2801 pondere
229 2706 325 2788 docet,
345 2738 398 2796 que
416 2717 528 2782 ratione
543 2738 642 2777 veram
655 2717 722 2796 quis
736 2716 918 2778 nobilitatem
930 2740 965 2779 ec
977 2719 1101 2797 gloriam
1115 2740 1216 2781 conse

72 2821 129 2901 qui
146 2820 251 2898 possit.
293 2817 354 2876 Vox
367 2818 452 2876 bouus
462 2837 530 2877 cum
543 2816 573 2875 vi
587 2817 738 2896 repetitur.
820 2816 943 2888 Arbiter,
954 2818 1049 2897 judex
1055 2842 1066 2889 ;
1086 2821 1215 2898 proprie,

74 2923 129 2999 qui
143 2939 207 2979 non
220 2939 238 2978 e
251 2928 329 2978 certe
341 2917 476 2989 formula,
496 2928 531 2977 ut
541 2916 644 2998 judex,
666 2916 717 2975 sed
737 2936 775 2975 ex
787 2918 917 2987 arbitrio,
939 2938 975 2979 ex
988 2940 1074 2997 equo
1087 2930 1118 2978 et
1128 2920 1224 2991 bono,

75 3020 158 3078 litem
172 3018 297 3078 dirimit.
379 3017 503 3097 integer,
525 3016 577 3095 qui
591 3004 687 3093 neque
700 3015 899 3095 praejudioetis
913 3018 1108 3096 opinionibus,
1121 3038 1219 3099 neque

78 3134 167 3191 metu,
182 3140 282 3200 neque
294 3120 390 3199 gretia
403 3130 434 3179 et
445 3119 573 3199 partium
588 3117 695 3185 studio,
709 3118 804 3178 multo
816 3118 914 3179 minus
927 3120 1022 3198 pretio
1036 3119 1154 3180 ducitur
1166 3132 1219 3181 eut

79 3221 206 3299 pecunie
225 3219 425 3299 corrumpitur
439 3242 447 3289 ς
468 3226 584 3277 sauctus
598 3228 629 3276 et
641 3215 803 3294 religiosus.
845 3223 975 3275 80—84.
990 3218 1036 3277 Ne
1048 3216 1220 3280 imminente

80 3323 207 3401 quidem
224 3324 292 3383 vitre
313 3320 518 3381 discrimine'e
538 3320 647 3379 virtute
667 3330 698 3378 et
717 3318 868 3377 honestate
888 3317 1031 3376 deflectas.
1073 3319 1110 3379 Id
1130 3342 1228 3400 quem?

81 3425 252 3502 magnifice,
274 3436 301 3485 et
323 3435 433 3504 quantu
455 3410 599 3503 gravitate
622 3420 819 3499 exprimitur?
859 3419 942 3479 Conf.
967 3420 1066 3480 divim
1089 3423 1140 3483 ills
1155 3426 1220 3487 loco

81 3524 196 3585 Horat.
212 3523 269 3583 Od.
283 3524 340 3596 111,
356 3532 385 3594 3,
404 3531 491 3583 1-4.
506 3534 537 3582 et
546 3522 640 3601 Epist
655 3521 681 3590 Ι,
695 3518 741 3593 16,
754 3527 792 3587 73
806 3540 865 3598 seq.
907 3519 1003 3580 Notus
1016 3534 1060 3581 est
1073 3524 1219 3598 Pictoris,

81 3623 260 3685 saevismmus
273 3622 537 3703 Agrigentinorum
551 3622 581 3681 in
593 3621 691 3681 sicilia
700 3628 852 3699 tyrannus,
863 3618 986 3699 ejusque
998 3630 1099 3682 tourue
1112 3646 1220 3698 aeneus,

80 3748 99 3785 ι
113 3726 223 3787 Perille
235 3727 404 3799 fabricatus,
418 3728 449 3786 in
464 3746 524 3805 quo
537 3725 646 3799 inclusi¹
656 3724 798 3793 homines,
815 3722 933 3783 subdito
945 3725 1017 3803 igni,
1037 3725 1116 3786 lente
1129 3738 1223 3789 torre·

79 3828 209 3898 bantur3
235 3828 316 3906 quod
342 3850 361 3888 e
385 3828 498 3888 Timaeo
520 3845 676 3907 perperam
699 3824 730 3884 in
752 3842 910 3883 numerum
931 3824 1099 3884 fabularum
1115 3826 1224 3912 'referri

79 3941 184 3989 monet
194 3931 317 3992 Diodor.
333 3931 420 3991 XIII.
434 3953 465 4012 p.
480 3939 549 3991 211.
592 3930 638 3991 cf.
652 3939 751 3989 tumen
765 3926 887 3985 Lucien.
907 3924 940 3983 iu
954 3926 1067 3985 Phaler.
1082 3947 1106 3987 c
1123 3936 1170 3987 11.
1185 3930 1224 3988 T.

82 4032 123 4089 ΙΙ.
135 4052 168 4111 p.
187 4038 247 4101 197
257 4034 383 4114 Δεσε<].ἐ(Ι.
400 4018 499 4096 lleitz.⁸
509 4071 549 4084 -
563 4038 611 4095 8³.
626 4033 768 4093 Summum
781 4029 862 4089 crede
875 4028 964 4113 uffae,
977 4029 1108 4100 aninum,
1122 4030 1223 4119 vitem,

76 4134 223 4214 μήθ-τι
237 4138 353 4216 pudori,
373 4138 528 4209 honestati,
548 4138 634 4198 bonae
654 4138 740 4195 samae
753 4146 784 4195 et
804 4134 997 4205 conscientie,
1018 4156 1084 4213 quae
1099 4154 1169 4195 mox
1183 4126 1226 4198 oi-

82 4239 163 4297 unde·
176 4260 275 4300 coueoe
288 4252 440 4314 vocentur,
454 4242 592 4324 quoniam
604 4238 726 4313 faciunt,
746 4248 782 4297 ut
801 4238 868 4317 quis
886 4237 948 4298 vite
967 4236 1076 4325 dignus
1096 4240 1151 4300 sit:
1173 4244 1225 4321 qui

82 4338 160 4395 euim
174 4357 240 4397 nou
250 4340 414 4399 secundum
424 4338 543 4399 rationis
557 4338 731 4417 virtutisque
744 4349 891 4417 precepta
900 4337 982 4409 vivit,
996 4357 1034 4397 ne
1044 4337 1151 4417 dignus
1162 4342 1226 4425 qui.

82 4438 151 4499 dem
163 4450 223 4511 est,
236 4440 389 4522 qui-vivat.
411 4444 492 4503 Bene
506 4440 615 4521 Koenig
625 4441 662 4503 de
677 4442 735 4502 Set.
749 4440 834 4502 Rom.
848 4462 878 4522 p.
893 4440 942 4503 68.
964 4452 983 4481 “
993 4439 1128 4503 Vivimus
1136 4443 1226 4517 enim,
