3100 5250
551 509 723 577 saurus
747 513 812 580 1v.·
901 496 905 512 '

113 675 289 765 Elimque
303 689 392 745 nates
407 680 597 750 labefactent
609 683 729 772 forcipe
743 688 878 767 adunca,

111 779 190 848 Non
206 795 313 850 tamen
328 785 388 851 ista
402 787 471 852 filix
484 788 551 854 ullo
565 792 755 858 mansuescit
768 807 885 860 aratro.

160 891 332 974 Credimus,
346 895 443 983 inque
455 898 558 964 vicem
571 899 751 985 pr'aebemus
766 923 859 966 mura
872 902 1004 992 sagittis.

110 997 243 1064 Vivitur
256 999 318 1066 hoc
332 1014 447 1087 pacto:
470 1003 516 1069 sic
529 1005 684 1074 novimus.
707 1006 761 1072 ilia
775 1007 883 1075 subter

112 1097 250 1174 Caecum
263 1109 377 1176 vulnus
391 1111 509 1179 habes=
532 1113 589 1178 sed
602 1113 668 1178 lato
682 1113 805 1180 balteus
819 1137 899 1181 auro

110 1209 279 1301 Praetegit.
301 1227 338 1278 ut
350 1216 459 1294 mavis,
476 1215 518 1280 da
532 1217 636 1296 rerba,
653 1231 685 1282 et
698 1218 810 1304 decipe
824 1241 948 1298 nervos,

112 1315 155 1380 Si
168 1329 269 1402 potes.
315 1321 521 1409 “Egregium
533 1345 633 1410 quum
648 1346 700 1388 me
713 1325 830 1390 vicinia
844 1325 939 1406 dicat,

109 1423 192 1490 Non
208 1428 335 1493 credam
343 1428 378 1494 ?''
423 1431 502 1496 Viso
516 1433 543 1496 si
556 1432 664 1520 palles,
680 1433 825 1519 inprobe,
840 1457 956 1512 numo;

113 1536 154 1600 Si
167 1535 253 1616 facis,
270 1538 303 1601 in
317 1561 432 1624 penem
446 1539 601 1628 quidquid
615 1541 673 1606 tibi
687 1543 773 1607 verrit
787 1565 948 1621 amarum3

115 1639 154 1705 Si
168 1641 274 1726 puteal
288 1642 388 1709 multa
402 1655 511 1710 cautus
526 1643 627 1710 vibice
642 1645 801 1734 flagellas:

112 1893 190 1943 ticum
207 1898 278 1946 robur
298 1897 426 1959 respexisse
446 1911 518 1960 quam
537 1897 664 1947 dexterita-
728 1904 768 1948 46.
799 1901 928 1964 Egregium
949 1898 1064 1950 cuns‘me
1085 1908 1130 1948 cet.
1161 1900 1244 1948 Senes.

111 1969 171 2008 tem.
203 1961 393 2023 plantariqie.
407 1960 474 2021 pilos.
698 1961 777 2022 Epist.
789 1968 836 2012 59:
856 1967 923 2012 Illud
937 1967 1055 2025 procipue
1064 1967 1156 2027 inpedit
1174 1969 1245 2029 (quo-

149 2031 188 2072 40.
209 2025 247 2073 Cf.
271 2023 358 2072 Horat
383 2023 463 2084 Epod.
484 2023 564 2080 VIll,
582 2030 597 2072 5
614 2038 662 2086 seq.
696 2024 778 2073 minus
787 2035 888 2081 tantum,
899 2036 1015 2088 quantum
1025 2029 1082 2076 satis
1091 2029 1121 2075 sit
1136 2029 1248 2076 adversus

115 2093 194 2138 Notas
214 2098 282 2135 vocat
301 2090 377 2143 dnus,
399 2102 453 2161 quse
478 2087 565 2133 balneo
589 2087 667 2134 calido
697 2087 754 2135 vitia
772 2087 869 2145 discere,
888 2089 1017 2151 diurnus)
1039 2096 1100 2154 qaod
1117 2096 1161 2140 cito
1183 2095 1246 2141 ηοὸῑι

113 2165 185 2200 erant
195 2150 316 2209 emollito,
326 2161 355 2198 ut
369 2149 413 2212 pilr
429 2149 522 2197 facilius
539 2150 665 2198 evelleren-
694 2154 829 2213 placemus,·
858 2155 878 2201 si
899 2155 1040 2211 invenimus,
1062 2157 1103 2217 qui
1119 2172 1161 2204 nos
1177 2159 1246 2204 bonos

114 2227 164 2264 tur.
203 2213 433 2275 Sicbalneetosipse
449 2213 512 2274 spud
529 2215 665 2264 Martialem
697 2218 758 2266 siros
779 2220 851 2274 dicat,
871 2219 915 2280 qui
930 2220 1064 2279 prudentes,
1085 2221 1128 2281 qui
1148 2228 1247 2276 usnctos,

116 2278 184 2343 (ΙΙΙ,
198 2285 220 2329 7.
234 2279 573 2341 ³.)rocsturelicussbsqus
583 2279 666 2337 calida,
697 2284 853 2330 adnascimus.
889 2285 943 2330 Nec
958 2298 1040 2329 sumus
1057 2285 1147 2331 meiius
1165 2285 1248 2330 laudo

113 2359 188 2406 quam
199 2353 288 2392 tractat.
322 2345 465 2408 inteficient.
480 2359 511 2391 sc.
524 2341 662 2390 vellicando.
697 2348 760 2394 tione
769 2348 886 2402 corucem
905 2349 1022 2410 quidquid
1039 2349 1066 2396 in
1084 2349 1248 2395 mundatura

117 2408 240 2470 Exprimit
249 2410 294 2457 hoc
310 2407 481 2466 difficultatem,
501 2423 614 2473 osusque
623 2407 665 2470 pili
697 2413 747 2458 sine
763 2413 855 2472 pudore
871 2412 990 2472 congessit,
1008 2417 1127 2474 tanquan
1144 2413 1247 2459 debiturn

114 2473 279 2522 evellerentur.
691 2479 849 2537 prendimus,-
867 2479 963 2538 optimos
978 2491 1022 2523 nos
1036 2492 1091 2533 esse,
1109 2478 1249 2539 sapientissi-

152 2543 190 2587 41.
202 2541 266 2605 fiiis,
288 2537 318 2586 dc
336 2553 477 2602 quacunque
494 2539 567 2586 hcrbs
584 2537 664 2596 sterili,
696 2557 745 2588 mos
755 2543 932 2606 ocifirmuntibus
943 2543 1097 2599 adsentimus,
1114 2557 1169 2590 cum
1188 2543 1247 2588 scin-

114 2619 172 2667 quae
197 2603 297 2653 culturas
323 2617 434 2665 agrorum
461 2602 548 2662 obicit,
573 2603 665 2665 proprie
697 2607 880 2667 nusillcssqsc
896 2606 999 2653 mentiri.
1036 2603 1148 2653 Aliorum
1164 2603 1248 2652 lauda·

101 2670 276 2732 somni-tout,
293 2684 316 2716 r.
337 2668 406 2717 Voss.
429 2668 459 2716 sd
482 2668 550 2733 Virg.
573 2669 661 2732 Georg.
696 2670 785 2717 tionem
796 2669 840 2717 sibi
855 2669 935 2717 fraudi
950 2670 1023 2717 fuisse
1038 2669 1162 2729 profitetur
1179 2668 1247 2716 Airi-

117 2734 225 2789 11,ass.
251 2732 363 2784 Juvenal.
383 2733 433 2787 IX,
448 2738 483 2783 ts.
513 2739 661 2782 mansuescis.
695 2734 775 2783 biades
786 2734 850 2795 apud
860 2730 985 2783 Platoucris
996 2734 1022 2781 iu
1033 2734 1113 2796 Syrop.
1127 2734 1245 2782 XXXII.

117 2796 189 2862 Virg.
209 2798 261 2847 l.c.
275 2804 330 2848 959.
367 2796 467 2847 Sensus:
487 2812 617 2860 numquam
628 2807 664 2845 ta-
696 2800 732 2847 ed.
750 2799 824 2846 Wolf.

116 2877 176 2911 men
190 2862 234 2925 pili
249 2862 360 2912 radicitus
378 2862 580 2925 exstirpabuntur3
597 2872 666 2912 natu·
730 2870 770 2912 47.
792 2866 1007 2927 Vssosipodesret.
1039 2861 1128 2909 Similis
1136 2863 1247 2910 mtionis

116 2942 170 2975 ram
181 2928 273 2976 vincere
285 2942 333 2975 non
344 2928 437 2987 poteris.
699 2928 763 2979 color
780 2941 816 2977 est
834 2928 898 2990 apud
916 2926 1028 2977 Juvenal.
1047 2926 1126 2985 VIII,
1147 2934 1162 2977 9
1181 2943 1244 2991 seqq.

75 3048 77 3055 Ι
150 2998 254 3043 49-52.
275 2993 365 3040 Versus
383 2998 415 3040 49
433 3001 458 3042 et
475 3008 577 3057 sequens
594 3006 668 3057 uque
703 2998 747 3041 195
758 3008 819 3056 seqq.
832 2992 862 3040 cs.
872 2991 1067 3054 supra111‚·lo9
1076 3006 1140 3053 seqq.

116 3054 266 3107 adnavimus
276 3057 449 3105 cumanteced.
467 3058 592 3105 coherent.
629 3058 667 3106 lta
732 3062 771 3105 48.
789 3074 1011 3121 penemomsruns5
1030 3056 1079 3103 ie.
1098 3065 1203 3103 mentem
1219 3055 1249 3101 li-

114 3122 184 3185 quesi
194 3138 260 3171 more
270 3133 391 3183 receptum
400 3132 442 3179 est,
454 3122 538 3185 inquit,
549 3122 668 3184 carpimus
699 3122 838 3171 bidinosam.
1147 3158 1150 3164 .

115 3196 142 3235 et
158 3187 276 3248 carpimur
292 3184 401 3234 vicissim.
439 3186 539 3246 Vensm,
559 3202 612 3251 quae
631 3204 667 3235 se-
733 3195 771 3238 49.
792 3190 818 3236 st·
829 3190 913 3251 psueol
925 3197 1012 3236 cautus
1025 3188 1101 3235 multo
1117 3186 1188 3233 sitne
1194 3186 1247 3247 flo-

116 3252 385 3313 quuntur‚sdpriorem
397 3252 473 3299 satira
484 3262 575 3313 partem
586 3266 667 3299 rursus
696 3255 777 3315 gellus.
824 3252 884 3301 Duo
906 3255 1011 3315 puteolis
1035 3251 1122 3298 Roma
1143 3249 1248 3305 fuerunt,

114 3316 233 3377 pertinere
254 3316 370 3366 sidentur.
402 3316 485 3379 Pergit
504 3314 593 3365 Noster
610 3317 672 3363 hon·
698 3316 1004 3381 quoenobisquidemoota
1019 3327 1083 3370 suut
1100 3329 1116 3361 s
1132 3312 1247 3374 plenus,

115 3381 281 3444 tarijuvenem
292 3380 368 3438 illurn,
386 3396 417 3429 ne
433 3381 529 3442 populo,
546 3391 667 3431 extentam
699 3384 770 3429 etism
786 3398 801 3428 a
818 3382 917 3444 sigonio
932 3380 963 3428 de
981 3391 1029 3428 snt
1051 3380 1099 3445 jur.
1123 3378 1193 3426 Rom
1214 3377 1245 3423 T.

114 3446 219 3505 speciem
230 3444 255 3491 iu
271 3444 400 3507 judicando
411 3447 526 3508 sequenti,
543 3445 615 3494 iidem
626 3448 668 3493 ha·
702 3445 740 3494 11.
754 3462 778 3507 p.
791 3450 837 3493 504
848 3461 897 3507 seq.
912 3444 1019 3502 confusa,
1037 3460 1052 3492 s
1071 3441 1185 3492 Salmssio
1199 3440 1248 3502 pri-

115 3512 181 3566 beat,
192 3518 221 3557 ut
231 3508 310 3571 potius
321 3524 346 3557 ce
356 3509 434 3571 ipsum
451 3510 563 3571 exploret,
580 3527 608 3560 sc
624 3526 668 3559 sus
699 3524 766 3557 mum
778 3511 808 3557 ad
824 3509 932 3557 solinum
948 3524 972 3571 p.
995 3514 1043 3557 809
1061 3523 1109 3572 seq.
1130 3506 1247 3561 distincta,

115 3573 174 3621 vitia
184 3583 318 3637 cognoscat.
698 3589 774 3621 unum
789 3574 867 3621 Nevit
883 3575 909 3621 in
924 3573 1028 3632 comitio,
1045 3574 1076 3621 de
1118 3571 1250 3633 oloquitur

148 3644 190 3686 42·
210 3642 334 3697 Coedimus,
356 3640 366 3687 i
447 3642 516 3689 uicem
536 3644 667 3703 praebemus
701 3638 1068 3699 cic.deDivin.1,1r;cont.
1110 3637 1184 3691 in-l,
1201 3640 1248 3690 5⁶3

115 3720 188 3754 crura
206 3706 300 3766 sagittis.
324 3702 354 3751 ci.
405 3714 462 3752 orat.
485 3702 562 3765 Epist.
584 3706 622 3763 ll,
640 3711 664 3753 4.
699 3704 800 3751 alterurn
813 3702 944 3751 Libonisin
955 3704 1047 3765 porticu
1056 3699 1249 3752 Juliasdarcurn

118 3774 158 3819 97.
195 3770 380 3831 Sumptumhoc
395 3786 410 3816 a
425 3768 546 3825 militibus,
565 3786 667 3833 quorum
704 3768 841 3817 Fabianum.
866 3785 887 3815 v.
911 3768 1009 3816 Festum
1030 3767 1061 3815 de
1083 3767 1146 3812 verb.
1167 3762 1248 3825 signis.

116 3848 204 3895 corpus
213 3845 281 3883 scuto
291 3843 389 3892 tectum,
400 3848 469 3882 crura
479 3834 666 3898 sagittiscttelis
699 3833 792 3881 XVII.
805 3848 829 3894 p.
844 3838 899 3882 487.
913 3832 950 3880 ed.
965 3832 1060 3881 Decies.
1097 3830 1251 3903 quueprse·

116 3898 307 3959 expositaerant.
331 3915 352 3946 v.
369 3898 501 3960 ,lleyuium
517 3900 544 3945 iu
562 3899 664 3949 Excurs.
698 3908 733 3945 ter
751 3900 802 3945 hae
817 3898 864 3945 alia
885 3898 970 3945 Roma
987 3897 1062 3944 luisse
1078 3895 1182 3957 putealia
1197 3905 1251 3953 quis

118 3963 198 4011 Vlll.
212 3962 313 4012 adAEn.
328 3963 392 4012 Vll.
406 3979 429 4024 p.
445 3968 498 4012 159.
509 3962 546 4011 cd.
556 3962 636 4011 altera
698 3962 874 4011 adfirmaverit?
893 3960 1009 4010 Vetu'sP
1046 3960 1063 3971 '⁵
1081 3960 1196 4032 interpres
1213 3958 1252 4001 iu·

150 4032 190 4075 43.
204 4028 363 4085 nouimus‚ita
372 4027 450 4075 rivere
459 4026 593 4075 didicimus.
697 4027 747 4075 telli
766 4027 785 4075 't
793 4028 819 4075 h.
830 4027 847 4075 l.
861 4026 942 4089 puteal
995 4026 1002 4037 '
1051 4024 1058 4037 ’
1084 4023 1192 4076 Libonis,
1208 4034 1251 4067 cu-

152 4096 190 4139 4⁴.
208 4108 304 4143 mouns.
317 4093 382 4157 quod
392 4089 537 4142 advcnsrius
553 4106 601 4140 nou
617 4093 668 4140 oui·
696 4092 738 4155 jus
758 4106 855 4147 ormam,
867 4106 914 4138 ara
924 4091 1006 4147 metas,
1015 4090 1042 4135 in
1052 4088 1134 4136 narnis
1148 4084 1253 4147 antiquis

33 4182 37 4207 r.
116 4155 250 4207 maduerit.
287 4158 413 4219 Sumpturn
425 4172 511 4219 nempe
527 4158 571 4205 lsoc
588 4158 668 4220 agla·
701 4156 841 4218 descriptam
862 4154 941 4203 adlruc
957 4155 1079 4202 memus.
1122 4151 1180 4200 Jsm
1195 4162 1251 4196 sero

33 4256 35 4273 r
117 4224 209 4271 diatore
225 4221 348 4270 vulnerato
363 4232 387 4271 et
401 4222 488 4270 vulnus
506 4221 667 4279 dissimilente,
703 4222 859 4269 Casaubonus
879 4218 1004 4273 existimat,
1022 4221 1105 4280 puteat
1125 4217 1149 4264 h.
1172 4214 1251 4274 ipro

115 4305 147 4339 ne
158 4284 358 4337 indesdrersarii
369 4286 463 4335 animus
473 4298 596 4349 augeatur.
704 4285 756 4332 l’oro
777 4301 828 4333 esse
847 4285 959 4347 positum,
981 4294 1005 4331 et
1022 4284 1147 4348 flagellare
1162 4280 1252 4344 sorum

35 4400 36 4403 ,
152 4358 191 4403 45.
210 4364 232 4403 et
245 4355 324 4415 decipe
341 4369 432 4411 neruos,
448 4352 464 4399 i.
479 4366 500 4399 e.
517 4350 599 4413 decipe
614 4348 675 4397 vires
704 4364 762 4411 pro:
781 4350 916 4414 frequenter
925 4346 991 4397 adise
999 4348 1088 4405 imum,
1098 4355 1140 4395 sot
1149 4344 1176 4391 in
1183 4344 1253 4390 turbs

118 4432 178 4478 tuas,
191 4418 276 4477 simila,
289 4416 601 4483 viresubiadhucintegras
611 4430 669 4474 esse,
701 4414 790 4463 forensi
810 4414 916 4478 quotidie
939 4412 1031 4461 vauri.
1076 4410 1117 4458 Ad
1137 4410 1251 4473 majorem

114 4501 170 4549 qun
182 4482 495 4535 ruluescdcbilitataesuat.
702 4478 1041 4543 inprobitatisdeclsrsticrsem
1051 4475 1116 4525 idern
1131 4472 1253 4537 putstad.

639 4562 662 4611 U
673 4578 690 4609 u
701 4568 717 4611 4
