3100 5250
505 404 559 471 IN
578 400 743 473 JUVEN.
768 400 919 473 SAT.1.
1233 408 1278 471 05

120 580 251 659 n’gnstnr
288 579 407 653 ludus,
441 580 491 660 qui
516 582 639 641 formna
663 582 756 660 magis
783 600 872 661 qnsm
899 590 964 640 srte
988 580 1105 658 regitur
1137 579 1280 661 nobisque

119 677 329 759 Hozardspiel
354 679 420 739 diei
438 678 523 757 solet)
540 680 641 739 Romoe
656 690 686 739 et
698 679 794 759 turpis
806 690 870 739 erat
880 689 911 738 et
923 676 1041 757 legibus
1059 678 1207 738 vetitar⁸‘
1229 682 1279 741 sed

118 776 172 855 ipsi
181 797 320 855 quoque
333 778 529 857 Imperatores
543 776 626 837 nullo
637 777 720 839 lusus
733 796 842 857 genere
853 775 959 854 magis,
971 796 1062 855 quem
1072 774 1139 846 boe,
1152 776 1279 837 oblecte-

118 876 232 935 bsntnr
248 876 486 955 exemplumque
500 875 621 935 ‹labent-
630 876 655 913 ’ὅ
735 874 844 946 Loculi,
856 875 976 953 capsula
988 874 1035 934 vel
1048 894 1197 944 erumens,
1211 896 1281 955 qnoe

118 976 266 1055 sliqusm
279 980 417 1058 pecunie
426 998 571 1037 summam
586 978 721 1039 continet
763 985 812 1048 90.
826 976 875 1035 Ad
887 997 990 1047 οοιοοοι,
1000 978 1154 1037 fortuitum
1161 976 1279 1049 ludum,

119 1081 301 1151 sommam,
325 1080 434 1151 tabule,
458 1080 541 1149 oleae,
563 1081 596 1138 in
615 1100 675 1159 quo
695 1080 762 1140 lusu
776 1079 829 1139 tnli
848 1079 895 1138 vel
909 1090 1023 1139 tessere
1035 1080 1068 1137 in
1080 1082 1205 1140 abacum
1225 1102 1279 1141 seu

103 1206 106 1215 ’
124 1182 257 1241 tabulam
265 1183 405 1241 lusoriam
413 1183 582 1242 mittuntur.
596 1182 640 1241 Cf.
652 1182 690 1241 ad
701 1182 787 1252 XIV,
802 1188 831 1241 5.
897 1182 1001 1261 potito,
1014 1182 1275 1262 oppositainlndo,

125 1292 162 1339 ut
170 1302 243 1339 nos:
257 1281 331 1359 οφ
339 1280 421 1359 Spiel
430 1288 529 1339 seleon.
610 1300 689 1350 areo,
698 1280 785 1339 theca
793 1281 934 1351 numerio,
947 1281 977 1339 in
986 1278 1054 1359 qus',
1064 1280 1211 1361 quidquid
1221 1301 1277 1360 pe-

121 1379 221 1439 coniae
229 1390 399 1439 numerate
412 1378 519 1457 aliquis
527 1378 624 1449 hebet,
636 1377 813 1439 reconditur.
854 1386 904 1447 91.
913 1376 1100 1457 Dispmntor
1113 1392 1144 1438 et
1156 1392 1275 1451 curator

37 1550 38 1561 χ
121 1482 165 1539 rei
173 1480 343 1551 familiaris,
356 1484 491 1553 οἵοιοοόμος,
502 1492 569 1560 post
581 1492 708 1541 actorem
721 1480 860 1559 princepe
869 1500 1028 1551 servorum,
1040 1481 1093 1559 qui
1101 1482 1220 1543 domino
1231 1494 1276 1543 est

126 1605 145 1642 a
161 1584 328 1643 mtiombus
356 1584 471 1661 accepti
493 1598 523 1642 et
546 1584 675 1662 expensi,
704 1584 921 1663 pecuniamque
941 1584 1092 1663 dimensi.
1133 1584 1180 1643 Ci'.
1202 1586 1275 1656 Vll,

127 1696 199 1757 219.
279 1688 475 1766 dispensatore
494 1686 643 1765 emigero,
667 1686 788 1747 domino
800 1685 915 1747 ludenti
928 1706 1019 1757 errae,
1039 1706 1100 1745 non
1112 1699 1174 1746 tam
1193 1688 1275 1759 ulos,

125 1792 175 1867 (ut
184 1792 270 1860 XIV,
281 1793 326 1869 5.)
341 1790 408 1849 ludi
422 1790 624 1861 instromenta,
633 1810 723 1869 quam
733 1792 832 1869 potius
841 1790 1007 1870 pecuniam,
1022 1790 1274 1851 subministrante:

125 1894 210 1969 (mm
230 1905 306 1952 sunt
324 1892 414 1951 ablat.
428 1891 533 1971 absol.)
555 1894 726 1971 metaphora
739 1914 757 1952 s
770 1893 849 1953 bello
874 1894 984 1972 petita3
1010 1892 1090 1952 unde
1111 1906 1143 1953 et
1161 1894 1275 1971 prada,

126 2017 192 2075 quse
207 1998 290 2059 dieta
302 2008 412 2076 putant
425 2016 481 2074 pro
493 1996 573 2065 rixis,
584 1997 700 2075 jurgiis,
714 2008 744 2058 et
756 1997 878 2077 quidem
892 1996 940 2056 vel
954 1996 1140 2067 collusorem,
1161 1997 1210 2056 vel
1222 1998 1275 2057 do·

127 2096 276 2155 minorum
291 2116 362 2155 cum
375 2095 634 2173 dispensatoribus.
678 2095 723 2155 Ita
737 2096 779 2154 H.
793 2095 890 2157 Voles.
906 2106 924 2132 ‘⁶
935 2104 1040 2176 quante
1050 2094 1163 2173 prelio,
1182 2116 1274 2175 quan·

131 2208 179 2257 sss
189 2199 268 2258 rixss
280 2218 466 2277 pugnasque,
485 2197 593 2257 ridelis
604 2198 804 2277 dispensatore,
824 2200 877 2277 qui
890 2199 1043 2257 dominum
1057 2209 1174 2259 secums
1188 2208 1232 2259 est
1244 2210 1276 2258 et

137 2314 240 2354 arcem
251 2296 357 2365 assuit,
370 2296 513 2375 armigero,
528 2314 618 2364 arms,
633 2316 740 2365 secem,
754 2308 877 2374 gerente
890 2309 921 2355 et
934 2294 1087 2365 clamante,
1109 2296 1223 2375 quoties
1236 2296 1274 2355 de
1304 2311 1307 2316 ’

135 2412 210 2451 arcs
231 2393 344 2451 domini
366 2394 552 2471 promendum
574 2396 643 2473 estf'
685 2394 745 2451 Sed
768 2393 952 2471 praeferenda
973 2394 1049 2451 forte
1072 2392 1275 2472 interpretatio

136 2490 304 2570 Grangaei:
334 2491 495 2563 “Quantas
519 2511 709 2551 nummorum
729 2512 859 2552 summas
879 2490 982 2549 ludere
1002 2490 1136 2550 videbis?
1166 2491 1274 2554 Ludus

138 2594 220 2653 enim
234 2594 304 2654 aleae
316 2595 525 2674 quodammodo
543 2593 650 2674 preliis
670 2606 871 2674 comparatur:
892 2592 963 2653 hinc
971 2593 1058 2672 jocus
1072 2594 1273 2656 Bomauomm

139 2697 173 2756 in
187 2699 321 2756 Caessrem
336 2703 508 2777 ‚ingonem
521 2697 680 2757 aleatorum
695 2697 909 2776 permaximum
924 2717 970 2775 sp.
985 2698 1064 2756 Suet
1074 2699 1155 2776 Aug.
1168 2719 1194 2758 c.
1205 2699 1272 2768 705'

138 2794 250 2872 Optime
262 2796 329 2856 lraec
343 2797 386 2856 its
395 2795 534 2874 explicari
548 2795 620 2854 dicit
633 2795 722 2854 Hein.
732 2795 784 2874 qni
796 2793 890 2854 multa
903 2814 1056 2872 perperam
1070 2795 1211 2856 adversus
1222 2817 1271 2857 me

130 2892 299 2972 disputavit.
341 2902 392 2964 92.
407 2892 566 2972 Simpleene
575 2891 666 2970 seror
685 2905 739 2964 est,
758 2911 833 2951 num
853 2903 1073 2971 parvatantum
1085 2891 1134 2950 rel
1147 2913 1207 2950 ιιιιι
1226 2895 1273 2954 in·

127 2997 205 3056 senis
217 2998 288 3056 est?
311 2985 362 3055 Sit
375 2996 513 3078 simplices
526 2995 716 3073 cogitationes
730 2994 841 3074 magnis
854 2994 977 3073 opponit
990 2994 1061 3052 Tac.
1077 2992 1177 3050 Germ.
1188 3013 1213 3051 c.
1223 3001 1273 3054 22.

127 3099 200 3160 Haec
214 3109 317 3160 sutem
331 3119 394 3158 non
408 3101 498 3157 verba
512 3097 726 3175 dispensatoris,
747 3097 901 3156 dominum
920 3095 1094 3173 perdentem
1113 3095 1274 3174 objurgan-

125 3203 170 3274 tis,
192 3214 228 3262 nt
247 3202 376 3281 quidam
395 3212 510 3280 putent,
534 3201 576 3278 (v.
591 3200 721 3259 Hennin
737 3200 783 3258 ed.
797 3220 828 3279 p.
844 3197 929 3277 762.)
944 3196 996 3256 sed
1009 3196 1101 3275 ipsius
1115 3207 1218 3274 poetoe,
1240 3210 1274 3259 ut

124 3305 246 3384 reliqua,
260 3326 327 3364 esse
341 3303 526 3364 crediderim.
608 3302 733 3362 horrenti
751 3301 873 3379 frigore,
893 3311 929 3358 ut
947 3319 994 3378 ep.
1010 3299 1099 3357 Ovid.
1114 3301 1181 3359 Art.
1201 3301 1273 3362 Am.

129 3409 254 3480 11,.213.
269 3409 325 3468 nbi
339 3430 370 3468 v.
384 3408 487 3468 Heius.
569 3406 694 3476 reddere,
713 3406 744 3464 h.
757 3405 779 3463 l.
795 3402 891 3482 simpl.
911 3401 990 3472 dare,
1011 3422 1079 3471 non,
1101 3413 1137 3462 nt
1151 3403 1273 3483 quidam

131 3524 244 3588 potore,
270 3513 437 3580 restituere,
461 3509 544 3589 quasi
564 3509 669 3588 aliquis
690 3527 842 3568 servorum
861 3505 991 3566 tunicam
1010 3527 1093 3565 susm
1106 3507 1273 3566 commodo

135 3609 213 3668 verit
225 3609 352 3680 domino,
374 3609 427 3688 qui
440 3597 524 3668 suain
541 3607 704 3686 perdiderit
718 3605 783 3664 alea
794 3614 826 3662 et
836 3622 916 3662 nuuc
929 3602 1063 3664 servilem
1076 3603 1200 3665 reddere
1212 3621 1274 3665 non

132 3709 240 3786 possit.

182 3813 234 3874 94
255 3805 322 3870 Qsis
340 3827 418 3878 nous,
445 3807 512 3886 quis
535 3827 552 3866 e
575 3805 736 3884 majoribus
760 3803 873 3862 nostris.
956 3803 1065 3865 totidem
1087 3803 1176 3877 villos,
1200 3813 1274 3883 quot

129 3919 221 3962 nunc
235 3901 320 3962 multi
330 3902 576 3965 ειοιιιιιοι“ιιιι1.36
647 3911 758 3971 secreto,
768 3901 915 3979 privatim,
927 3900 1016 3971 solus,
1026 3901 1088 3960 sine
1097 3901 1272 3981 hospitibus,

160 4093 181 4122 ⁸⁸
190 4109 215 4141 r.
229 4093 350 4142 Henbsclr
361 4093 392 4142 de
403 4093 487 4156 politia
499 4093 602 4142 Roman.
615 4093 689 4141 Goett.
755 4093 772 4122 ¹
787 4092 904 4140 Villsmrn
916 4091 988 4138 Rom.
1000 4089 1189 4149 muln'tudinstn,
1205 4104 1273 4157 mag.

127 4163 201 4208 1791.
223 4160 238 4222 ς
251 4165 293 4208 41.
312 4159 385 4220 intpr.
403 4159 491 4208 Horat.
512 4158 560 4207 Od.
577 4158 633 4217 lll,
650 4163 689 4216 24,
721 4157 866 4205 nificentism
877 4167 902 4204 et
911 4155 1093 4216 amplimdinem
1102 4155 1275 4218 descripserunt

123 4229 166 4273 ⁵⁸.
723 4223 821 4284 Lipsius
841 4221 872 4269 ds
892 4220 1027 4284 magnitud.
1055 4221 1128 4270 Rern.
1153 4221 1209 4281 111,
1233 4222 1273 4272 14.’

158 4291 209 4336 ἰ.
227 4289 330 4339 Sueten.
347 4293 415 4353 Aug.
429 4306 450 4338 r.
465 4297 504 4338 70.
517 4299 542 4338 et
553 4295 591 4339 71.
610 4288 685 4352 Calig.
723 4285 819 4337 Castell.
835 4285 914 4334 Lond.
929 4291 999 4334 1728.
1014 4286 1119 4350 Zuggsri
1127 4286 1189 4335 Ven.
1201 4292 1274 4337 1740.

123 4370 145 4402 e.
160 4360 201 4402 41.
223 4355 314 4404 Claud.
329 4361 404 4404 τοῦδ.
419 4352 547 4404 etDomit.
561 4369 581 4404 c.
596 4361 633 4404 21.
647 4353 685 4404 Ci-
723 4351 803 4400 Adam
816 4350 896 4399 Lond.
913 4356 982 4400 1764.
1011 4351 1275 4412 emensieniensi

123 4419 167 4470 int
183 4419 270 4479 vul,
286 4426 324 4470 10.
341 4420 419 4476 x1V,
432 4427 454 4469 4.
469 4427 491 4470 5.
720 4417 768 4466 elii.
790 4417 829 4466 Cf.
842 4415 885 4464 int
901 4416 978 4473 xlv,
990 4423 1021 4464 88
1031 4431 1080 4480 seq
