3100 5250
249 443 314 501 47⁰
661 432 1025 505 oMMENTARIUs

249 609 373 671 molesta
385 620 415 670 et
427 610 631 673 sbsurdissims
643 632 693 671 nec
708 610 780 671 esim
793 644 835 659 -
848 610 1014 701 Ancipites,
1035 628 1072 667 ne
1091 606 1178 667 litere
1193 604 1310 685 quidem
1323 626 1395 665 mu·

250 723 321 783 tstn,
335 714 462 774 emedio
480 734 618 785 versuum
638 715 702 774 tolli
721 712 843 794 possint,
865 734 899 773 es
920 712 1041 773 omnino
1060 719 1233 771 eoontextu
1247 708 1389 787 ejicienda

251 826 350 876 oenset
363 816 524 877 Heinecke.
577 816 757 877 Gravissima
769 828 813 875 est
823 816 904 895 prior
916 816 1008 887 rstio;
1029 814 1082 875 sed
1095 813 1158 873 sols
1170 832 1233 871 non
1246 812 1344 871 afficit
1355 822 1387 870 et

251 915 405 986 sntisfucit:
426 935 494 976 nnus
516 917 678 996 sepissime,
695 916 787 975 verint
806 916 968 995 priscarum
988 935 1088 975 rerum
1108 912 1242 973 narratio
1255 922 1283 971 et
1294 931 1329 970 ex
1341 910 1389 969 di·

250 1016 341 1075 versis
353 1016 484 1075 fontibus
498 1016 591 1094 iisque
605 1015 730 1094 scriptis,
751 1036 819 1094 quae
839 1014 1059 1084 interciderunt,
1080 1013 1190 1072 haustu
1203 1022 1250 1069 est
1259 1034 1269 1083 ς
1288 1010 1389 1069 Gordii

250 1137 368 1197 quoque
381 1118 477 1177 nodus
490 1118 532 1179 its
551 1118 714 1178 conciditur
733 1119 843 1197 potius,
864 1139 953 1197 quum
977 1117 1109 1179 solvitur.
1154 1114 1287 1193 Reliqua
1309 1132 1395 1189 sngu-

249 1231 349 1280 ments
361 1231 431 1281 sunt
443 1220 599 1279 levissime.
640 1222 721 1286 Quot
732 1220 812 1279 enim
824 1240 924 1281 versus
935 1220 996 1281 sine
1006 1220 1157 1281 litessmm
1168 1216 1400 1278 sententismm·

250 1342 309 1401 que
320 1324 484 1384 mutatione
497 1322 588 1383 deleri
601 1326 745 1402 possunt?
767 1334 798 1384 et
811 1324 878 1402 quis
891 1324 947 1383 sibi
960 1324 1143 1403 persuadeat,
1165 1321 1234 1381 haec
1248 1320 1352 1387 verbs,
1370 1316 1400 1375 in

250 1428 360 1506 quibus
378 1438 410 1487 et
429 1427 561 1487 doetrins
578 1438 609 1485 et
627 1445 741 1485 summu
760 1426 806 1486 sis
827 1438 1021 1505 venustssque
1042 1425 1127 1495 inest,
1150 1420 1399 1483 absurdissimum

249 1549 314 1589 esse
325 1530 470 1609 glossema
482 1528 671 1608 notulnmqne
684 1527 749 1587 ludi
761 1528 893 1607 magistri
907 1530 1033 1608 exempli
1043 1529 1109 1589 loeo
1118 1527 1248 1605 margini
1265 1524 1398 1603 adserip-

249 1634 336 1693 tsm?
377 1634 482 1710 Neque
494 1632 582 1691 etism
595 1632 690 1691 omnis
703 1652 791 1690 causa
805 1652 917 1711 anceps,
939 1633 968 1691 h.
983 1654 1009 1693 e.
1024 1632 1174 1710 ambigua,
1197 1631 1285 1709 cujus
1305 1648 1397 1688 even·

249 1740 298 1789 tus
310 1742 355 1789 est
367 1728 485 1799 dubius,
501 1748 569 1789 cum
582 1748 683 1807 magno
695 1728 856 1789 discrimine
869 1732 986 1809 ogitu1·;
1008 1745 1037 1792 et
1050 1730 1171 1800 mireris,
1190 1729 1273 1787 hune
1286 1746 1394 1787 oenso-

248 1852 312 1893 rem
326 1829 584 1909 veristsutologiis
597 1851 656 1890 nou
670 1830 779 1891 offendi
800 1831 831 1891 in
845 1832 908 1891 sliis
921 1834 999 1895 locis
1042 1834 1179 1893 Praeteres
1197 1831 1271 1889 nihil
1292 1830 1389 1907 prod·

249 1930 326 1991 citus
348 1929 399 1988 ilts
421 1948 559 1987 versuum
579 1928 722 2007 ejectione
741 1939 773 1988 et
792 1928 848 1989 hsc
868 1932 1022 1989 verborum
1032 1931 1186 2009 junctum:
1203 1928 1260 1987 sine
1275 1926 1383 2005 Cosjs·

245 2034 324 2113 gius·
337 2052 458 2114 quoeras,
472 2031 516 2090 nel
526 2030 603 2089 sacri
616 2031 645 2090 in
653 2040 739 2109 parte
751 2040 865 2091 senatu
879 2034 950 2091 Esse
963 2033 1039 2104 nelis,
1061 2054 1109 2093 sen
1129 2040 1159 2091 ts
1171 2050 1267 2111 segne
1279 2028 1380 2089 disesi-

250 2133 325 2191 mise
336 2152 450 2191 consum
464 2132 615 2210 Protegere
634 2128 775 2209 affectum
796 2140 823 2191 te
842 2132 960 2200 mute,
979 2132 1025 2191 die
1045 2132 1097 2191 tibi
1116 2142 1194 2201 net-3
1213 2150 1281 2189 nsm
1298 2132 1389 2189 verbs

248 2237 277 2289 te
287 2230 397 2290 oonsule
409 2242 464 2289 ete.
485 2248 544 2287 nou
564 2228 622 2288 nisi
641 2229 680 2287 sd
696 2248 791 2289 esusoe
803 2228 1000 2289 defensionem
1015 2240 1156 2309 speonnt
1200 2227 1311 2289 Omnis
1323 2246 1394 2287 seso

245 2334 335 2413 jungi
349 2332 443 2393 voluit
453 2354 463 2403 ς
483 2352 553 2391 num
565 2330 641 2391 illud
653 2352 702 2391 ses
715 2332 756 2391 its
768 2331 952 2411 aptissimum
966 2342 1019 2404 est,
1039 2342 1069 2392 et
1088 2332 1153 2411 ipse,
1170 2332 1270 2401 docet,
1291 2330 1394 2391 modo·

248 2454 317 2493 sum
331 2438 521 2495 mutationem
534 2453 656 2512 quoerus,
670 2432 737 2493 selis
749 2444 780 2494 et
792 2432 912 2513 affectus
925 2434 1141 2495 usitatissimam
1158 2454 1225 2493 esse
1245 2444 1277 2493 et
1295 2452 1393 2491 exass-

248 2531 307 2609 plis
320 2530 537 2608 eomprobstsm
549 2552 568 2589 s
583 2534 663 2591 Cort
676 2532 715 2591 od
728 2532 788 2592 Cio.
805 2534 860 2611 Ep.
873 2532 913 2592 sd
926 2532 985 2591 div.
1000 2532 1073 2602 XII,
1088 2540 1118 2600 2,
1134 2540 1166 2599 7.
1187 2543 1219 2591 et
1233 2531 1336 2591 Munk
1351 2532 1403 2591 nd·

248 2627 409 2705 Hygini.
436 2635 503 2686 148.
553 2628 635 2693 Quid
659 2629 751 2706 igitur
772 2632 1010 2710 respondendum
1035 2630 1090 2690 erit
1111 2631 1206 2689 Hein-
1230 2628 1387 2709 querenti:

249 2735 269 2761 ‘³
282 2724 436 2803 scrupulos
449 2724 473 2783 si
486 2743 631 2796 exemero,
645 2728 754 2806 ecquid
766 2729 823 2788 erit
836 2729 922 2806 pretii
933 2729 964 2788 ?''
1006 2731 1077 2789 Meo
1089 2727 1393 2807 qufflmmquejudi·
1506 2803 1507 2820 .

247 2825 295 2886 cio
306 2826 380 2886 nihil
393 2828 459 2898 erit,
476 2829 555 2913 qnod
569 2828 601 2888 in
613 2829 644 2889 h.
657 2829 679 2887 i.
693 2830 846 2924 displicere
860 2831 961 2910 possit,
982 2831 1144 2918 dummodo
1160 2841 1261 2910 posent
1276 2831 1392 2909 legasse

246 2949 304 3007 pso
322 2930 423 3008 poscit,
447 2941 478 2990 et
498 2932 588 2991 verbs
610 2931 675 2993 hnc
698 2931 740 2990 its
763 2943 967 3012 exponanturs
996 2934 1153 3014 Figeuduss
1167 2970 1208 2987 -
1223 2933 1311 2992 nelis:
1338 2953 1387 2990 see

246 3026 328 3098 enisi,
341 3047 438 3106 neque
451 3027 548 3102 etism,
570 3029 614 3106 (v.
628 3028 737 3106 Heyne
749 3029 789 3088 sd
805 3029 885 3108 Virg.
903 3031 957 3091 Ge.
973 3031 1015 3102 11,
1033 3039 1099 3092 tot
1114 3043 1144 3091 et
1157 3031 1208 3110 nl.)
1227 3030 1337 3088 nm
1350 3039 1380 3086 et
1505 3051 1506 3058 ¹

246 3149 328 3190 srms
349 3129 467 3190 Actittis
485 3138 584 3209 posent
611 3130 761 3202 Thersites,
785 3130 875 3192 homo
897 3132 991 3212 qutdis
1016 3133 1073 3192 Th.
1096 3135 1163 3208 fuit,
1186 3135 1213 3191 is
1230 3153 1286 3212 qen
1304 3153 1336 3190 se
1358 3139 1379 3188 t.

250 3232 356 3292 Uttses.
397 3232 551 3312 Ancipites
565 3241 596 3304 tu
609 3252 723 3292 cussum
735 3253 867 3294 seucum
887 3255 986 3318 mageo
1005 3237 1163 3296 discrima
1175 3244 1317 3316 protegere
1330 3233 1379 3312 qs-

235 3333 345 3412 seetus,
360 3335 502 3414 (nonoris)
516 3371 558 3386 -
570 3344 597 3394 te
609 3335 718 3395 oonsule
730 3348 786 3397 oet.
829 3337 898 3398 Non
918 3339 1042 3399 deerunt
1062 3340 1148 3412 forte,
1169 3339 1217 3418 qui
1230 3339 1382 3418 suspieen-

245 3446 305 3505 tur,
318 3454 374 3513 pro
386 3457 435 3496 seu
448 3437 649 3515 reponendum
660 3458 722 3500 esse
731 3439 758 3498 si
764 3462 780 3506 ;
801 3441 853 3501 sed
867 3442 1015 3502 venustior
1028 3453 1073 3504 est
1084 3435 1212 3522 sbrupts
1221 3441 1288 3504 bsse
1296 3441 1391 3502 dictio

244 3549 277 3598 et
288 3536 404 3596 sd'eetui
418 3540 513 3616 magis
526 3551 719 3602 consentanee
731 3562 821 3621 qusm
835 3543 982 3622 vulgstiss
1004 3545 1031 3603 si
1044 3555 1074 3604 ts
1087 3545 1218 3626 effictos,
1240 3553 1268 3604 te
1281 3544 1393 3604 cosule

245 3645 301 3695 eet.
341 3633 452 3694 Esdem
468 3635 561 3695 utitur
575 3637 728 3698 Juvennlis
747 3639 865 3718 passim,
884 3661 912 3698 v.
926 3661 951 3700 c.
965 3641 1020 3712 VI,
1039 3649 1108 3710 329.
1123 3649 1194 3702 330.
1214 3643 1272 3702 ubi
1293 3653 1395 3701 tomen
1503 3671 1504 3703 t

244 3747 275 3796 et
288 3735 419 3816 suppleri
433 3747 529 3814 potest
541 3737 575 3806 si,
597 3750 632 3798 ut
643 3739 675 3798 h.
688 3740 708 3798 l.
749 3749 800 3800 33.
812 3751 839 3802 te
850 3741 967 3813 masuic,
988 3753 1018 3802 te
1039 3744 1136 3822 ipsum
1157 3744 1326 3822 interrogo,
1347 3744 1395 3802 sel

243 3849 274 3896 te
287 3847 317 3897 et
330 3836 406 3896 sires
419 3847 485 3897 tues
498 3849 611 3909 excute,
626 3839 755 3916 exploro,
768 3849 795 3900 et
808 3841 854 3900 dic
867 3841 925 3911 tibi,
940 3841 998 3921 qui,
1009 3842 1112 3920 quslis,
1124 3841 1190 3910 sis;
1213 3844 1297 3922 (qno
1306 3865 1394 3904 sensu

175 3932 180 3941 ’
243 3937 274 3996 is
286 3959 346 3998 sose
357 3939 521 3998 descendere
533 3949 563 4000 et
575 3960 665 3999 seeum
678 3941 808 4002 dubitare
826 3941 903 4003 dixit
923 3944 1001 4004 Pers.
1020 3945 1074 4016 lv,
1090 3953 1138 4006 33.
1151 3957 1184 4006 et
1198 3949 1267 4026 52.)
1291 3961 1393 4008 utrum

243 4034 282 4093 sis
295 4046 391 4096 orator
410 4037 559 4104 uehemens,
580 4038 680 4114 gravis
702 4049 733 4098 et
754 4039 814 4098 nesi
839 4041 995 4099 verborum
1018 4042 1200 4121 actionisque
1216 4065 1335 4122 genere
1354 4045 1393 4104 sd

209 4129 215 4138 ’
242 4137 454 4212 permovendos
467 4138 579 4197 animos
593 4137 723 4211 idoneus,
734 4137 764 4195 h.
777 4159 802 4197 e.
812 4139 978 4217 preclarus,
990 4161 1027 4200 on
1036 4142 1203 4213 mediocris,
1217 4145 1270 4204 vel
1282 4146 1389 4203 infime

241 4247 320 4294 notse
333 4239 443 4307 rsbuls,
462 4251 497 4298 ut
513 4239 628 4300 Curtius
641 4241 810 4310 Montanus,
833 4243 871 4320 (v.
885 4244 923 4301 sd
938 4243 991 4314 IV,
1010 4247 1090 4322 107.)
1105 4253 1131 4303 et
1153 4245 1271 4317 Metto,
1294 4251 1336 4326 (v.
1350 4247 1387 4304 sd
1501 4225 1502 4238 ἵ

241 4333 268 4402 Ῑ,
283 4337 346 4411 33.)
360 4334 460 4405 bucce,
473 4337 593 4407 rebuloe,
606 4338 727 4398 fastuosi
741 4339 879 4400 oeusidici
893 4361 927 4402 nc
943 4344 1062 4412 ventosi,
1084 4344 1141 4416 vel,
1157 4355 1191 4403 ut
1205 4348 1308 4405 verbis
1327 4359 1384 4404 vet.

242 4435 338 4496 Schol.
353 4447 435 4496 ntur:
453 4439 646 4515 jnetsntieuli,
659 4440 712 4518 qui
724 4451 840 4504 tantum
852 4443 960 4504 buccas
976 4444 1078 4506 inflent
1091 4459 1119 4507 et
1140 4447 1216 4508 nihil
1240 4449 1387 4530 (graviter
