3100 5250
649 1239 698 1288 IN

405 1496 939 1597 sarinAMxn.

142 2242 171 2291 1.
199 2232 361 2289 Conrraus
374 2230 486 2291 amicus
498 2240 604 2309 poeta,
625 2229 664 2289 ad
683 2249 773 2309 quem
792 2229 856 2290 haec
877 2230 935 2289 Sat.
954 2231 1041 2289 missa
1054 2241 1097 2291 est
1110 2242 1139 2289 et
1152 2252 1239 2310 quem

104 2329 259 2389 luvenalis
272 2348 331 2388 una
343 2348 411 2388 eum
426 2328 542 2389 Catullo
551 2328 589 2387 ad
602 2328 705 2389 festam
716 2328 847 2389 laetitiam
857 2328 993 2389 invitasse
1003 2328 1126 2387 videtur.
1167 2330 1239 2389 Sus-

105 2429 257 2487 vissimum
271 2437 316 2487 est
327 2428 462 2487 initium:
485 2426 560 2487 Hero
572 2428 631 2497 lies,
645 2427 717 2501 dies,
730 2428 838 2487 dulcior
851 2428 919 2487 milri
932 2426 1021 2486 natali
1033 2427 1086 2499 die,
1100 2426 1152 2506 qui
1165 2438 1240 2487 eete-

106 2525 142 2585 ris
154 2537 186 2585 et
199 2524 293 2585 laetior
306 2535 337 2584 et
350 2526 475 2586 sanctior
489 2536 534 2585 est
553 2536 653 2604 atque,
673 2537 708 2586 ut
727 2528 821 2586 omnis
834 2527 896 2586 fere
909 2525 972 2586 dies
985 2526 1086 2599 festus,
1099 2524 1240 2603 religione

106 2628 257 2706 epulisque
274 2626 430 2705 quotannis
450 2627 593 2688 celebrari
613 2628 732 2690 solebat.
773 2629 834 2689 Hic
855 2629 918 2690 dies
940 2630 1013 2691 Jure
1034 2627 1152 2687 solennis
1173 2628 1241 2686 milri

109 2728 276 2806 sanctiorque
296 2727 384 2786 Poeae
404 2729 493 2787 natali
513 2729 616 2790 Horat
641 2729 700 2789 Od.
724 2730 778 2801 IV,
802 2738 848 2801 11,
875 2739 920 2797 17.
962 2731 1045 2792 Conf-
1057 2729 1238 2810 ,Var3Leot

110 2829 166 2888 lar
177 2828 233 2899 lar,
247 2828 319 2900 dies,
332 2849 394 2908 quo
407 2830 496 2892 rediit
509 2832 650 2905 Catullus,
664 2832 737 2891 mihi
747 2832 945 2893 amicissimus.
984 2832 1068 2891 Conl'.
1082 2852 1109 2890 v.
1127 2838 1164 2890 15
1179 2851 1238 2910 seq.

109 2939 186 3002 et29
199 2953 261 3012 seq.
274 2966 315 2980 -
328 2940 357 2992 2.
373 2933 460 2992 Color
479 2934 616 2995 orationis
636 2935 743 2996 dumus
762 2955 799 2994 ex
820 2935 923 2994 Horat.
939 2933 997 2992 Od.
1012 2933 1066 3004 lV,
1082 2941 1130 3003 11,
1145 2933 1165 2991 6
1179 2953 1238 3011 seq.

108 3053 201 3112 capes,
224 3054 274 3094 ara
286 3054 303 3094 e
317 3034 387 3095 vivo
400 3034 517 3114 cespite,
533 3035 684 3115 oespititia,
698 3035 788 3110 βωμὸς
801 3035 970 3116 αὐτοσχὲδιος,
992 3032 1086 3113 qualis
1109 3043 1239 3112 tempore

109 3142 233 3210 urgente.
247 3142 277 3193 et
296 3132 327 3190 in
345 3133 467 3211 privatis
488 3132 576 3193 etiam
596 3134 742 3195 sacrifieiis
762 3133 872 3194 exstrui
893 3132 1011 3194 solebat.
1047 3131 1132 3191 Conl'.
1148 3150 1176 3188 v.
1191 3137 1237 3190 85.

102 3228 197 3304 festu,
222 3232 297 3292 festo
316 3232 375 3292 diei
395 3241 426 3292 et
440 3232 548 3293 laetitiae
561 3233 745 3304 conveniens,
765 3243 801 3294 ut
810 3233 895 3313 sesto
903 3231 992 3310 from
1015 3241 1045 3290 et
1065 3229 1169 3290 similia
1192 3250 1238 3308 ap.

112 3331 185 3412 Virg.
200 3335 271 3395 AEn.
286 3334 329 3406 11,
344 3342 413 3406 249.
427 3346 458 3396 et
470 3334 507 3394 al
588 3335 732 3407 salutatio,
746 3336 887 3396 victimas.
970 3333 1043 3392 Deis
1057 3333 1196 3412 prooeisso
1209 3341 1240 3391 et

111 3445 169 3494 vsu
180 3434 264 3506 olim,
278 3457 370 3515 quum
387 3436 519 3498 Catullus
532 3436 704 3508 diseederet,
725 3456 780 3516 pro
800 3435 897 3494 reditu
912 3434 975 3512 ejus
989 3446 1018 3495 et
1032 3432 1237 3494 incolumitate.

112 3531 184 3592 cont
199 3554 230 3592 v.
247 3541 284 3593 15
298 3555 358 3614 seq.
373 3573 413 3586 -
427 3542 454 3594 3.
469 3533 593 3594 ducimus
604 3536 646 3612 (v.
664 3542 710 3593 11.
722 3533 882 3591 traheretur
895 3532 1029 3612 funibus)
1044 3553 1082 3593 sc.
1096 3534 1237 3602 adaram,

111 3644 141 3694 ut
156 3656 182 3696 v.
208 3645 275 3696 112.
297 3639 337 3708 X,
359 3637 406 3698 65.
430 3647 460 3696 et
480 3637 589 3715 passim
608 3635 646 3694 de
666 3634 801 3696 victimis.
824 3634 866 3711 (v.
887 3633 989 3693 Heins.
1009 3634 1047 3692 ad
1060 3634 1148 3695 Ovid.
1164 3636 1236 3695 Met

113 3731 170 3803 XV,
185 3738 271 3814 114.)
313 3736 362 3794 Sic
383 3744 413 3793 et
427 3735 480 3793 Gr.
494 3733 572 3814 ἄγω.
654 3733 781 3812 Regino,
802 3732 833 3790 in
853 3732 993 3792 honorem
1013 3733 1085 3812 ejus.
1126 3732 1238 3811 Regina

113 3846 138 3895 et
148 3836 271 3908 βαύλιια
284 3838 396 3918 quasvis
409 3837 476 3896 Dea
488 3838 583 3916 major
595 3847 725 3906 roootur,
736 3836 788 3895 sed
801 3835 876 3913 inpr.
889 3836 980 3906 Juno,
990 3835 1092 3913 regina
1105 3834 1237 3894 deorum.

113 3942 209 4004 Jaaoar
232 3945 350 4026 Regino
374 3944 485 4023 templa
513 3944 613 4003 Romae
637 3943 794 4004 condidere
817 3941 957 4005 Camillus
977 3953 1007 4000 et
1028 3941 1070 3998 M.
1092 3939 1237 4000 AEmilius

115 4043 183 4118 (Liv.
194 4047 235 4116 V,
246 4055 294 4107 22.
306 4046 455 4115 XXXIX,
467 4049 510 4124 3.)
564 4044 671 4103 niveam
683 4064 805 4123 agnem.-
821 4063 889 4102 nam
898 4043 965 4102 Diis
977 4039 1183 4120 supernatibus,
1193 4040 1238 4100 in-

114 4141 172 4202 seris
199 4146 292 4224 nigrae
318 4147 520 4205 mactabantur
546 4142 681 4202 victima.
702 4179 743 4192 -
761 4151 790 4201 4.
812 4143 874 4202 Par
903 4141 995 4206 sedas,
1023 4138 1101 4198 nivei
1124 4139 1239 4200 velleris

114 4264 188 4321 agos,
211 4249 343 4327 ejusdem
364 4248 480 4328 generis
500 4245 626 4305 victima
705 4245 844 4325 pugnanti
872 4265 939 4305 cum
970 4241 1096 4321 Gorgone
1120 4242 1239 4316 Maura,

115 4343 138 4401 h·
161 4369 183 4407 e.
220 4349 341 4423 Palladi,
371 4350 517 4430 pugnanti
531 4369 611 4434 ¹cum
640 4348 743 4428 aegide,
780 4350 826 4408 vel
853 4368 909 4427 ope
937 4343 1048 4424 aegidis,
1079 4345 1107 4403 h.
1131 4367 1156 4406 e.
1187 4347 1239 4406 oli·

116 4447 157 4520 pei
182 4448 230 4508 vel
256 4449 390 4520 thoracis,
413 4451 443 4509 in
463 4449 548 4528 cujus
567 4447 664 4508 medio
685 4460 747 4510 erat
770 4458 859 4528 caput
887 4446 1021 4509 Medusa
1043 4445 1197 4525 Gorgonis,
1223 4466 1240 4503 a

389 4552 405 4594 4
