3100 5250
379 438 430 501 IN
451 440 614 510 JUVEN.
641 442 737 507 sAT.
763 443 865 507 XIII.
1129 442 1191 501 581

70 632 95 688 p·
109 610 226 676 76221.
248 617 317 671 535.
338 612 469 691 Bbttiger
493 615 514 674 l.
538 619 578 694 e)
603 636 671 675 nam
697 615 805 696 insigne
832 616 1032 675 Germanorum
1055 611 1196 692 obliquare

70 712 160 771 ensem
180 712 306 791 nodoque
325 714 511 795 abstringera
521 740 531 786 ,-
551 752 594 764 -
607 718 760 777 horrentem
783 738 887 797 quoque
908 714 1039 796 capillum
1063 722 1137 773 retro
1156 734 1198 773 se·

69 822 177 893 quurttu
190 833 227 873 ac
240 835 315 893 aoepe
327 815 357 873 in
371 816 431 895 ipro
445 818 545 879 vertice
558 820 703 898 religant.-
725 858 766 868 -
780 820 808 877 in
822 819 993 879 altitudinem
1010 818 1157 897 quamdam
1171 824 1197 875 el

69 924 184 973 terrorem
198 913 308 973 adituri
321 913 391 973 bello
406 925 553 988 ornantur,
569 918 640 977 Tac.
655 919 757 978 Germ.
771 924 819 977 88.
842 916 967 977 Martial.
981 916 1019 986 V,
1041 922 1088 975 88.
1110 926 1140 973 et
1160 914 1197 974 de

69 1019 151 1094 Spcet
167 1015 231 1084 111,
247 1025 275 1085 9.
291 1016 358 1074 Sen.
374 1017 429 1095 Ep
444 1025 494 1077 24.
508 1018 589 1077 etde
604 1020 652 1077 Ira
673 1020 734 1091 ΙΙΙ,
755 1018 806 1078 26.
848 1019 988 1077 Germani
1009 1018 1127 1095 longam
1140 1036 1196 1075 nu-

68 1114 179 1172 triebant
193 1132 312 1172 comum
324 1134 449 1192 eamque
461 1135 522 1174 non
534 1116 701 1195 crispabant
713 1128 766 1176 aut
786 1118 942 1201 inurebant
962 1114 1141 1185 calamistris,
1163 1124 1197 1172 ut

70 1218 200 1295 Phryges,
216 1218 272 1277 scd
283 1218 315 1276 iu
327 1218 440 1278 nodum
454 1222 606 1299 cogebant,
621 1221 678 1289 vel,
700 1232 734 1280 ut
759 1232 846 1299 poeta
865 1232 963 1281 noster
985 1219 1066 1289 licit,
1088 1227 1197 1297 torque-

68 1314 122 1373 taut
141 1335 250 1373 cornua
264 1316 339 1375 cirro
355 1316 475 1387 madido,
500 1318 658 1389 madidata,
679 1320 850 1379 madefacto.
895 1318 974 1378 Cirri
998 1316 1199 1377 Germanorum

67 1422 255 1471 memorantur
268 1413 356 1473 etiam
372 1414 495 1474 Tertull.
510 1415 548 1475 de
561 1416 726 1495 virginibus
739 1416 871 1477 velandis
885 1437 909 1476 o
927 1424 973 1475 10.
987 1414 1072 1474 etita
1091 1414 1196 1473 dieun-

67 1523 107 1567 tur
118 1511 256 1582 cincinni,
271 1511 382 1586 annuli,
398 1514 519 1595 (boken)
533 1516 631 1595 capilli
644 1516 743 1586 deflui,
764 1516 935 1596 dependuli,
957 1515 1064 1584 diffusi,
1086 1526 1146 1574 tam
1166 1516 1198 1573 iu

67 1613 173 1681 vertice,
188 1634 281 1693 quam
295 1627 457 1676 retroseeua
471 1617 594 1687 collecti,
612 1619 755 1688 renodati,
770 1618 894 1698 religati.
938 1619 1023 1679 Conl.
1047 1619 1115 1678 Tac.
1136 1617 1156 1675 l.
1178 1616 1197 1674 l.

67 1709 157 1787 ibique
173 1711 267 1771 Gron.
282 1719 449 1792 torquentem
461 1717 613 1788 cesariem
634 1717 683 1776 cui
702 1718 789 1777 docte
809 1716 1059 1794 tribuitur,-quod
1080 1715 1198 1793 proprie

66 1812 96 1869 ad
108 1813 207 1891 ipsum
222 1827 333 1894 spectat
346 1817 536 1881 Germanum.

101 1915 271 1985 167-178,
291 1919 405 1979 Fabula
416 1919 454 1979 de
465 1940 558 1998 parva
571 1924 767 2001 Pygmaeorum
784 1933 894 1983 statura
915 1942 1075 2001 eorumque
1094 1942 1197 2001 pugna

65 2036 123 2074 cum
133 2017 271 2095 gruibus,
285 2038 354 2094 quae
366 2019 524 2095 ingruente
544 2020 640 2077 hieme
663 2022 695 2077 in
718 2021 869 2099 calidiores
888 2019 991 2099 plagas
1015 2022 1133 2092 abeunt,
1156 2022 1197 2098 (v.

65 2115 127 2172 Plin.
145 2117 186 2186 X,
203 2119 268 2194 23.)
282 2116 432 2174 notissima
444 2129 489 2177 est
501 2129 584 2177 etex
596 2118 774 2197 etymologia
787 2120 863 2177 forte
878 2120 981 2189 efficta,
1004 2119 1086 2196 (num
1105 2122 1197 2197 πυγμὴ

62 2219 181 2295 scopin
193 2218 305 2275 cubitus
316 2218 425 2277 dicitur
438 2231 469 2279 et
481 2224 562 2299 eupit
574 2220 678 2300 breuia)
693 2220 751 2291 vel,
760 2222 864 2300 judice
878 2221 972 2280 strab.
988 2221 1101 2291 xvll,
1116 2220 1197 2289 iude,

63 2318 132 2395 qnod
148 2334 277 2395 corpora
290 2337 406 2376 summo
418 2318 487 2378 solis
500 2330 530 2379 et
544 2318 639 2379 calore
651 2332 683 2380 et
694 2322 805 2399 frigore
819 2322 926 2399 exigua
940 2320 1016 2379 fiunt
1035 2331 1065 2378 et
1085 2330 1200 2393 contor-

65 2432 102 2477 e:
124 2405 792 2497 Pygmoeosenimrunius'v11,uin1ndia,
815 2424 860 2501 (at
876 2421 929 2492 ιν,
948 2428 993 2482 11.
1007 2422 1038 2481 in
1061 2421 1199 2501 Thracia)

68 2522 217 2590 Homerus,
234 2519 315 2580 ueta
334 2532 365 2580 et
385 2524 490 2583 smus
513 2525 544 2582 in
567 2524 730 2603 Inrumpit,
752 2524 802 2583 un
827 2526 857 2583 n
884 2524 1005 2603 Scythia
1027 2534 1150 2601 ponunt,
1173 2506 1199 2581 t.

69 2625 196 2705 Kappen
210 2625 249 2684 ad
264 2625 353 2684 Hom.
370 2625 404 2683 Il.
421 2626 481 2697 111,
496 2635 585 2694 8-7.
602 2628 695 2687 Hasd.
716 2629 754 2688 ad
777 2629 850 2687 Plin.
871 2628 901 2687 ll.
922 2628 952 2686 ll.
978 2639 1008 2688 et
1033 2629 1143 2707 Koenig
1162 2627 1201 2686 ad

70 2724 211 2785 cunum
229 2725 295 2793 xv,
311 2733 371 2792 474
386 2747 445 2805 seq.
487 2726 729 2787 reomaense:
752 2739 772 2765 u
787 2727 957 2788 somnne
970 2703 1077 2789 tabita
1090 2729 1200 2786 leben-

69 2835 111 2882 tur
123 2825 374 2903 peregrinatorum
396 2827 590 2904 quorumdam
610 2827 818 2906 hyperbolicis,
840 2839 874 2887 ut
897 2847 974 2905 saepe
1000 2838 1078 2898 sunt,
1101 2847 1201 2908 narra7

71 2927 196 2997 tionibus,
212 2928 310 3006 quiin
323 2928 453 3006 Scythia,
474 2930 614 3008 Inponioe
635 2931 824 3000 contermina,
851 2930 919 2988 risis
941 2947 1001 2987 uno
1022 2928 1070 2987 vel
1091 2929 1202 3008 aliquot

71 3049 101 3086 cx
112 3030 291 3109 Laponibus,
305 3051 355 3089 eos
367 3031 462 3090 multo
474 3033 631 3104 breviores,
645 3052 735 3111 quam
748 3053 782 3092 re
798 3034 862 3112 ipsa
881 3043 986 3104 emant,
1008 3032 1184 3090 effinxerunt
1189 3053 1199 3101 ς

73 3131 130 3190 inde
148 3144 297 3193 crescente
316 3133 460 3194 similibus
484 3135 657 3195 testimoniis
679 3136 842 3206 mendacio,
867 3156 904 3196 ex
929 3147 1054 3214 quatuor
1075 3134 1203 3214 pedibus

75 3235 210 3308 (mensura
225 3237 395 3316 Laponum)
409 3236 448 3296 ad
460 3237 664 3297 ducerentum
683 3249 714 3298 et
732 3239 832 3297 minua
856 3239 977 3298 fuerunt
1001 3238 1096 3297 adacti
1120 3239 1199 3316 Pyg-

74 3333 134 3390 nei.
174 3333 308 3394 SImilem
322 3333 453 3393 fabulum
465 3349 565 3394 narrat
581 3335 703 3396 Prateua
714 3348 746 3394 et
758 3335 784 3394 ie
797 3335 929 3394 Mercure
946 3335 1051 3418 Gulunt
1066 3356 1104 3394 m.
1125 3337 1200 3414 Apr.

77 3429 164 3491 1688.”
208 3432 299 3492 Poeta
320 3444 419 3491 autem
443 3433 482 3492 da
505 3433 649 3494 industria
672 3433 796 3493 ridicule
820 3433 914 3510 magis
938 3453 1028 3511 quam
1051 3454 1118 3494 vere
1138 3453 1201 3493 rem

74 3534 231 3594 memoravit
243 3546 274 3593 et
287 3534 400 3593 satirice
413 3535 506 3605 auxit,
521 3536 600 3595 unde
613 3536 701 3596 etiam
715 3556 743 3594 v.
760 3534 827 3604 169.
837 3535 962 3614 gruibus
972 3555 1071 3596 curvor
1083 3558 1200 3616 unguor,

74 3632 208 3696 bominem
231 3638 387 3716 rapientea,
402 3648 433 3696 et
446 3657 473 3696 u.
490 3646 556 3705 178.
587 3638 737 3717 Pygmoeis
755 3637 898 3696 minorem
922 3637 1026 3698 tribuit
1048 3649 1199 3708 staturam,

76 3755 150 3812 quam
169 3739 285 3800 Gellius
307 3739 362 3809 IX,
377 3747 405 3798 4.
427 3739 540 3799 Plinius
552 3751 584 3800 et
595 3740 654 3800 alii.
735 3740 792 3810 Ad,
801 3739 950 3812 adversus,
963 3741 1081 3810 cubilar,
1096 3742 1194 3801 subito

76 3838 237 3910 advolantes,
257 3841 398 3900 Tltrocum
411 3842 543 3912 odacro,
557 3863 655 3920 grues,
670 3863 738 3920 quoe
750 3843 847 3902 hieme
860 3843 1017 3921 ingruente
1028 3863 1046 3902 e
1060 3843 1195 3903 Thraciae

58 3937 167 4023 ,tubus
179 3945 213 4002 in
228 3943 373 4003 Granium
386 3943 548 4022 plagasque
568 3943 721 4004 calidiores
740 3947 878 4024 migrant,
893 3946 972 4005 unde
996 3945 1135 4005 Threicio
1156 3945 1212 4004 di-·

78 4055 169 4102 matur
181 4045 270 4106 ovid.
282 4047 349 4104 Art.
372 4046 430 4114 111,
446 4052 513 4105 182.
527 4057 558 4106 et
574 4046 741 4126 Strymonia
760 4047 843 4126 VIrg.
866 4048 920 4107 Ge.
944 4047 968 4117 I,
993 4055 1059 4106 120.
1080 4058 1111 4107 et
1131 4049 1199 4116 AEn.

78 4141 184 4212 Χ,865.
199 4148 256 4218 XI,
270 4155 339 4207 580.
421 4148 527 4218 nabau,
542 4150 694 4227 ingentem
711 4171 820 4228 gruum
841 4149 1070 4220 multitudinem,
1093 4160 1125 4208 ut
1146 4150 1199 4209 Gr.

79 4241 140 4316 titat-
177 4249 263 4305 Conf.
284 4248 321 4306 ad
343 4247 396 4306 Sil.
410 4249 435 4319 1,
450 4256 521 4308 311.
534 4283 575 4298 -
598 4257 665 4316 172.
688 4249 872 4330 Quamquam,
894 4251 984 4310 immo
1004 4252 1150 4330 quoniam.
1170 4273 1199 4312 v.

79 4335 134 4396 Vu·
147 4342 229 4403 laet.

113 4445 171 4505 174.
193 4442 290 4505 Schol.
322 4453 343 4480 “
357 4444 603 4525 Anthypophora,
625 4446 708 4524 quasi
732 4445 874 4524 objectio:
908 4447 989 4526 Ergo
1009 4447 1089 4509 nullu
1112 4469 1201 4528 poena
