3100 5250
431 470 480 535 IN
502 468 664 536 JUVEN.
690 472 787 537 SAT.
812 474 871 536 VI.
1070 563 1074 571 .
1160 472 1225 531 215

79 646 170 703 Vetus
185 644 291 704 Schol.
306 654 401 703 vestes
419 644 547 723 ampulini
564 646 676 723 coloris,
691 647 764 725 quin
779 648 854 707 inter
868 646 1021 706 coccinum
1035 654 1066 704 et
1083 644 1225 702 muricem

77 744 196 804 medius
210 756 267 806 est.
300 744 404 804 Suidas
416 746 446 804 in
461 766 525 805 voc.
537 744 728 825 Ἀτςαβατικὰς
739 747 777 805 de
790 747 947 805 Romanis:
969 747 991 803 ir
1004 750 1061 810 ταῖς
1073 743 1166 825 ingrate
1180 748 1228 801 κα)

75 854 122 913 rai't
135 848 281 919 maiore,
299 852 348 906 aui
358 850 477 927 mptum
489 846 620 927 πῄαβεαν,
641 846 755 907 iulium
777 850 890 928 χιτῶνας
911 852 958 907 καὶ
977 846 1126 928 χλαμύδας
1146 850 1224 903 roni·

75 954 137 1013 λας,
153 948 216 1005 ἀπὸ
229 948 327 1026 χρυσοῦ
339 950 384 1003 aar*
395 942 528 1025 πορφύρας.
549 950 597 1002 καὶ
616 945 709 1013 ἄλλως
722 968 777 1012 σας
796 950 950 1016 amulric,
971 948 995 1003 ir
1013 947 1039 1004 di
1058 950 1117 1012 ruis
1136 950 1226 1010 mnus}

73 1046 187 1112 συνόδοις
204 1045 394 1126 {mortmaine
410 1048 437 1101 ri
456 1046 563 1124 χρῶμα,
585 1042 619 1111 ἂς
632 1047 738 1103 ἐκάλουν
750 1044 935 1126 ἀτςαβαηκὰς
948 1048 1001 1103 ἀπὶ
1013 1047 1057 1103 τοῦ
1076 1047 1225 1123 χρώματος

73 1150 102 1203 rb
119 1144 514 1227 ydguiltbr,drgsr1ubaimr
535 1144 550 1211 ἢ
570 1146 607 1203 ὅτι
621 1150 689 1214 μετὰ
710 1145 842 1226 τραβαίας
861 1144 971 1213 miram
990 1149 1088 1205 ridden
1107 1147 1224 1226 χρῆσθαι·

75 1244 213 1325 ῳβὼ
241 1248 267 1303 δὲ
293 1246 410 1323 λὶγοκαι
436 1247 465 1301 α1
491 1250 638 1310 αολυτιλεῒς
664 1244 814 1325 χλαμύδες.
848 1254 960 1316 veteres,
988 1246 1024 1305 cf.
1051 1247 1119 1305 Ver.
1141 1248 1223 1306 Iaect

76 1346 225 1403 donum-it
239 1345 313 1423 Ipsi,
324 1344 503 1423 Archigollo.
517 1380 558 1393 -
572 1352 640 1404 521.
657 1344 704 1402 Eu
718 1345 865 1414 astutiam
871 1346 1036 1416 sacerdotis,
1056 1347 1106 1425 qui
1122 1364 1222 1423 super·

78 1444 201 1504 stitiosis
213 1444 399 1514 mulieribus,
413 1465 479 1523 quae
492 1455 522 1503 et
536 1444 660 1523 stupida
675 1442 766 1522 vulgo
781 1455 850 1504 sunt
864 1457 894 1505 et
907 1445 1042 1517 credulae,
1061 1445 1146 1505 facilc
1159 1464 1225 1522 per·

80 1548 198 1617 suadet,
211 1547 308 1605 omnia
322 1547 492 1614 infortunia.
507 1547 576 1625 ipsis
591 1546 798 1625 impendentia,
820 1547 851 1606 in
871 1548 924 1607 bas
944 1560 1041 1608 vestes
1060 1548 1225 1607 derivatum

82 1649 132 1719 iri,
147 1658 179 1707 et
191 1648 232 1707 sic
244 1656 327 1706 mum
342 1668 455 1715 annum,
467 1646 495 1705 h.
507 1666 531 1704 e.
546 1646 635 1706 totius
649 1646 717 1705 anni
731 1658 851 1727 peccata
863 1648 976 1727 expiato
991 1668 1053 1707 esse
1067 1648 1158 1720 semel,
1167 1648 1224 1707 hoe

83 1766 144 1805 uno
157 1760 286 1816 munere,
300 1746 342 1805 ita
357 1758 391 1805 ut
401 1747 463 1826 jam
477 1747 509 1804 in
522 1757 616 1806 totrun
631 1766 740 1805 annum
755 1747 847 1807 libera
860 1748 930 1825 ipsis
943 1749 1040 1807 denuo
1051 1748 1088 1807 sit
1100 1766 1224 1826 peccan-

82 1847 112 1904 di
125 1856 263 1925 potestas.
346 1846 385 1904 Ia
399 1847 508 1906 tunicor
518 1846 570 1905 bas
583 1855 628 1905 cot
640 1848 717 1907 forte
730 1866 785 1925 per
798 1848 890 1906 risum
903 1848 978 1906 dixit
990 1860 1076 1926 poeta
1089 1867 1153 1926 pro,
1171 1847 1224 1907 tali

84 1950 238 2009 donatione
262 1958 433 2009 avertatur:
456 1949 482 2008 is
503 1960 580 2007 certe
605 1951 759 2007 verborum
784 1970 885 2009 sensus
907 1961 958 2009 est
1013 1952 1056 2010 At
1078 1950 1149 2028 ipsa
1159 1950 1241 2008 buc·

84 2050 176 2109 oratio
195 2051 234 2107 ab
256 2048 377 2126 ingenio
398 2047 501 2106 talium
521 2047 765 2124 praestigiatorum
786 2068 846 2107 non
866 2047 1010 2107 abhorret.
1051 2048 1224 2126 Grangaeus,

85 2150 154 2210 coll.
176 2156 283 2211 Asson
302 2152 340 2211 ud
362 2150 447 2210 Orat.
468 2150 582 2208 Cornel.
606 2170 650 2228 pr.
671 2161 702 2209 et
717 2150 805 2209 Festo
818 2150 849 2208 in
863 2170 891 2206 v.
907 2150 990 2220 Pide,
1012 2152 1143 2228 putabat,
1161 2151 1225 2211 bac

87 2250 171 2307 dieta
183 2270 246 2309 esse
259 2270 293 2308 ex
305 2250 361 2308 ritu
380 2250 586 2316 Romanorum,
602 2248 653 2326 qui
668 2248 777 2325 effigies
791 2258 820 2307 et
834 2247 989 2306 simulacra
1001 2247 1155 2307 habuerint
1170 2250 1224 2307 cir-

86 2366 159 2407 cum
174 2348 264 2407 Leres
276 2348 306 2406 in
319 2366 494 2426 unaquaque
507 2347 603 2413 domo,
627 2356 671 2413 ut,
685 2344 710 2402 si
725 2344 798 2422 quid
812 2343 880 2402 mali
895 2344 1046 2413 accideret,
1068 2344 1119 2404 Dii
1141 2345 1171 2401 in
1185 2365 1226 2403 ee

85 2448 250 2527 rejicerent.
293 2452 335 2509 m
356 2448 439 2507 Voss.
459 2448 498 2507 ad
518 2446 623 2507 Catull.
645 2460 674 2525 p'.
698 2446 762 2505 168.
784 2443 849 2502 baeo
861 2446 990 2503 notavit:
1012 2452 1032 2481 ‘¹
1048 2444 1148 2503 Vestes
1162 2443 1225 2503 illas

85 2547 203 2625 ipsimet
216 2546 296 2609 Galli
311 2546 480 2615 induebant,
490 2536 493 2545 ’
504 2556 606 2626 utpote
627 2542 678 2622 qui
699 2540 821 2601 exsectis
842 2540 983 2599 virilibus·
995 2540 1073 2600 illico
1090 2540 1224 2604 habitum

86 2653 204 2711 virilem
216 2652 350 2710 muliebri
368 2661 585 2730 pennatamnt:
609 2648 687 2709 unde
707 2649 737 2706 in
756 2646 884 2724 antiquis
904 2641 1096 2706 marmoribus
1116 2647 1224 2725 passim

88 2754 172 2813 Galli
187 2754 318 2814 vistintnr
331 2755 362 2812 in
377 2751 449 2812 stolo
463 2752 607 2820 muliebri,
629 2751 709 2830 quod
730 2761 759 2809 et
779 2751 818 2808 de
836 2748 908 2810 Deae
923 2749 1014 2827 Syriae
1030 2747 1123 2808 Gallis
1135 2750 1225 2809 tradit

89 2854 246 2914 Lucienus
287 2853 416 2912 Habitus
437 2863 535 2912 autem
557 2851 736 2910 Gallantium
757 2860 819 2908 erat
839 2848 973 2927 lugubris
983 2871 993 2919 ;
1014 2859 1044 2907 et
1060 2851 1223 2927 xerampeli-

85 2977 148 3012 nnm
163 2955 293 3014 colorem
307 2953 421 3013 Plinius
435 2951 592 3012 rectissime
603 2949 708 3030 pillum
719 2951 954 3027 'interpretatum'⁸

125 3061 297 3116 522-530.
321 3051 404 3110 Nihil
419 3071 478 3114 nou
492 3051 605 3110 mulieri
627 3048 750 3108 suadent
770 3048 937 3126 superstitio
956 3057 987 3106 et
1006 3047 1111 3107 astutia
1131 3067 1224 3108 sacer-

87 3159 193 3218 dotnm.
208 3193 254 3206 -
268 3164 439 3216 sea-524.
455 3156 556 3214 Genus
570 3153 625 3212 boc
639 3151 817 3212 lustrationis
830 3150 1013 3210 notissimum
1033 3170 1070 3210 ex
1086 3152 1164 3210 Pers.
1182 3151 1224 3222 Il,

90 3265 134 3317 15.
157 3257 203 3318 16.
225 3261 334 3320 Horat
360 3257 420 3316 Sat.
445 3255 487 3326 ll,
511 3261 620 3326 &1290
640 3273 699 3330 seq.
720 3264 750 3311 et
769 3252 806 3310 al.
849 3249 1224 3329 Hibernam‚·congelatum.

89 3361 159 3440 Ipsa
170 3381 288 3440 quoque
302 3360 410 3439 hyeme
424 3359 517 3419 fluvio
528 3357 621 3435 mergi
634 3375 692 3415 non
699 3353 854 3430 recusabit
867 3353 973 3411 mulier
991 3362 1022 3410 et
1042 3351 1134 3411 obluct
1152 3354 1224 3412 timi-
1314 3373 1317 3378 ·

88 3463 155 3520 dum
170 3471 261 3541 capit,
274 3461 306 3520 b.
321 3481 346 3519 e.
361 3461 508 3539 seipsam,
530 3458 578 3518 cui
597 3456 764 3536 superstitio
785 3475 819 3514 oc
840 3453 966 3513 versutia
986 3453 1167 3514 sacerdotum
1187 3455 1224 3514 ti-

88 3584 205 3624 morem
220 3563 345 3624 incussit
390 3570 457 3622 523.
472 3570 609 3641 mergetur
627 3557 877 3626 Tiberivmotuts'ro,
898 3556 927 3614 h.
943 3577 967 3615 e.
989 3557 1131 3617 matutino
1151 3569 1224 3617 tem-

87 3683 178 3743 pore,
196 3671 231 3721 ut
242 3681 317 3720 noae
327 3681 376 3742 ap.
392 3661 469 3720 Pers
484 3671 514 3719 et
528 3659 631 3718 Horat.
646 3658 676 3717 ll.
691 3657 723 3716 ll.
764 3657 841 3714 Nam
860 3655 993 3714 homines
1013 3675 1080 3715 cum
1100 3657 1156 3716 diis
1175 3676 1224 3714 ao·

86 3766 151 3824 turi
166 3775 220 3824 aut
233 3784 309 3823 mera
320 3765 355 3823 iis
370 3763 475 3823 facturi
489 3781 595 3840 oorpus
608 3771 713 3831 toturn,
728 3758 829 3818 saltem
843 3774 955 3825 manus,
976 3777 1062 3835 aqua,
1075 3756 1123 3815 vel
1137 3757 1226 3814 mari·

84 3885 126 3924 rra
149 3862 200 3922 vel
219 3863 326 3922 fluviali
346 3863 394 3922 vel
417 3863 546 3930 fontana,
567 3859 685 3918 abluere
706 3857 846 3925 solebant,
868 3856 941 3933 (quo
962 3855 1021 3912 ritu
1033 3853 1225 3911 adumbratur

83 3964 225 4043 purgatio
236 3965 326 4023 animi
340 3985 359 4022 a
373 3963 464 4040 vitiis)
486 3972 516 4019 et
528 3960 592 4037 ipsa
611 3977 669 4017 nox
690 3957 821 4036 polluere
839 3953 1062 4013 credebantur
1111 3953 1226 4024 Ter,‹ut

83 4087 127 4145 ap.
144 4069 226 4128 Pers.
240 4068 258 4124 l.
274 4085 300 4124 c.
315 4065 399 4142 Virg.
416 4063 483 4122 AEn.
498 4061 552 4129 Vl,
567 4067 636 4128 299.
650 4057 739 4116 Ovid.
754 4056 826 4115 Met
841 4054 914 4125 Vll,
930 4052 998 4112 261.
1012 4067 1042 4114 et
1055 4053 1092 4110 al.
1127 4054 1225 4133 Hujus

85 4187 204 4248 quoque
223 4167 345 4226 numeri
365 4177 395 4225 et
415 4161 538 4244 mystica
555 4161 613 4221 fuit
629 4159 682 4228 vis,
704 4169 734 4217 et
748 4157 878 4235 vulgaris
891 4175 962 4214 usus
975 4153 1056 4233 apud
1068 4164 1176 4231 poetas.
1188 4155 1225 4196 ¹⁵²
1280 4201 1285 4212 .

110 4389 135 4420 ¹⁵¹
148 4387 190 4438 Cf.
207 4389 284 4452 Prop.
300 4388 404 4446 111,1o,
420 4393 493 4438 luet
506 4383 637 4448 Koeuigad
698 4371 730 4411 '¹⁵’
744 4379 811 4428 Hine
828 4378 901 4426 nolim
917 4391 974 4425 cum
993 4375 1102 4424 Heunin.
1121 4376 1171 4424 baec
1187 4393 1225 4425 ro·

83 4455 144 4504 Pa
155 4453 197 4510 11,
211 4461 251 4506 l6·
671 4445 731 4496 ferre
746 4443 778 4494 ad
795 4447 857 4511 ‘3¹5'
871 4441 1039 4506 βαηιιμόται
1048 4439 1108 4490 ritus
1123 4441 1224 4490 seminu-
