3100 5250
498 411 547 475 IN
570 410 735 482 JUVEN.
761 358 860 482 SAT.
884 418 929 484 X.
1193 429 1257 492 443

121 592 206 664 poete
227 585 295 654 fuit,
317 585 368 662 qui
386 585 498 672 ¹Xerxis
524 589 601 667 regis
625 590 700 650 iectu
724 591 886 672 descripsit.
929 592 1059 656 Madidis
1084 609 1183 658 sutem
1203 600 1258 661 alr}

120 685 198 756 ideo,
225 687 296 764 quis
321 686 422 758 omnis,
446 688 586 765 quicum
607 690 802 752 sollicitudine
821 695 932 765 recitat,
954 713 1071 755 necesse
1091 710 1144 770 est,
1158 711 1192 760 ut
1205 701 1259 760 alte

118 781 184 860 ejus
199 779 315 841 sudent
358 783 407 842 Sic
421 785 580 848 Horatius:
602 787 695 847 Sudor
708 790 748 848 od
760 789 829 850 imos
838 779 971 848 mdaobot
984 791 1081 853 tolos.”
1121 794 1260 856 Modidua

117 881 183 939 ulos
195 881 342 951 nonnulli,
357 893 419 942 vet.
431 883 526 945 schol.
541 899 702 965 preeunte,
716 887 754 946 ad
774 887 911 948 sudorem
936 889 1129 963 recitantium,
1152 893 1201 952 slii
1221 895 1259 955 sd

118 985 252 1045 furorem
265 996 419 1064 poetarum
433 987 481 1045 vel
494 998 605 1059 vatum,
620 1011 680 1069 quo
693 991 825 1052 concitus
845 1003 876 1052 ct
894 994 977 1072 quasi
995 995 1094 1054 ebrius
1114 995 1260 1058 Sostratus

120 1085 216 1145 nimis
226 1083 282 1144 alte
296 1083 398 1144 volsus
409 1085 562 1168 ueritatem
576 1088 723 1168 fidemque
737 1090 866 1151 historice
879 1093 1041 1163 excesserit,
1062 1093 1112 1153 ulii
1132 1114 1202 1154 vero
1221 1096 1259 1155 ad

125 1201 230 1241 verum
243 1182 420 1253 ebrietatem,
435 1205 502 1262 quie
516 1187 651 1246 eumdem
665 1188 838 1267 produxerit
858 1190 1002 1263 effectum,
1022 1191 1170 1252 referunt:
1190 1212 1260 1256 natu

121 1275 253 1340 madidus
267 1302 288 1340 s
303 1283 417 1342 suadeo
430 1296 460 1344 et
472 1283 639 1366 ssrsspyuiroc
652 1287 764 1365 psssim'
773 1288 881 1349 dicitur
894 1289 1001 1350 ebrius.
1017 1310 1044 1349 ν.
1064 1292 1102 1350 sd
1122 1292 1190 1363 XV,
1211 1299 1260 1360 47.

120 1379 234 1440 Sensus
246 1380 351 1440 horum
367 1383 523 1444 verborum
538 1385 652 1464 planior
666 1387 742 1469 soret
762 1398 793 1448 et
812 1389 928 1461 certior,
949 1389 974 1449 si
994 1401 1146 1464 constaret,
1167 1392 1261 1471 qualis

121 1477 217 1538 homo
229 1479 318 1538 fuerit
331 1479 487 1550 Sostratus,
502 1493 602 1542 utrum
617 1483 712 1544 mulus
725 1484 912 1555 declamator,
933 1506 971 1545 an
988 1501 1086 1566 poeta,
1109 1507 1148 1548 an
1170 1501 1260 1562 vates,

118 1602 164 1641 sn
176 1581 347 1660 eretslogus.
428 1583 491 1642 Alo
504 1594 602 1642 tamen
616 1605 638 1644 s.
653 1585 749 1646 exilire
763 1586 890 1646 madidae
904 1607 956 1648 cur
964 1589 1136 1649 tribuuntur
1147 1591 1261 1650 vatibus

124 1683 226 1744 furore
238 1683 338 1743 divino
351 1685 516 1763 correptis?
536 1695 566 1744 ct
580 1679 633 1744 cur
646 1687 756 1746 ebriis?
798 1689 981 1750 Probabilior
992 1703 1038 1752 est
1060 1692 1262 1772 interpretatio

121 1787 217 1846 Heio.
256 1797 276 1824 “
290 1785 421 1846 Modidae
435 1787 489 1846 oloe
502 1797 579 1857 sunt,
595 1788 703 1866 quibus
723 1791 844 1852 tendere
863 1812 922 1852 non
943 1805 1040 1872 potest
1058 1795 1090 1852 in
1111 1794 1185 1855 altos
1203 1815 1260 1855 nu·

117 1885 206 1946 bium
220 1897 337 1957 tractus,
354 1887 444 1963 (Hor.
459 1886 516 1948 Od.
532 1887 585 1956 tv,
602 1895 630 1956 2,
645 1890 710 1966 27.)
726 1889 794 1966 quia
807 1889 895 1952 nimis
908 1911 984 1969 aque
996 1904 1179 1971 premuntur,
1194 1915 1261 1974 quat

115 1985 253 2046 volatum
267 1985 410 2064 impedit3
431 1984 582 2064 igiturque
596 1983 759 2045 Sostratum
772 1986 883 2046 malum
896 1988 985 2050 fuisse
998 2003 1125 2069 poetam,
1135 1995 1260 2057 cerensi·

115 2091 286 2169 mecolligi
301 2087 385 2169 posse
398 2091 496 2166 puto.''
1242 2131 1247 2140 ·

162 2202 232 2264 179.
256 2192 310 2252 Ille
328 2201 417 2249 tomen
439 2191 580 2250 barbarus
606 2211 669 2264 rex,
691 2192 816 2263 Xerxes,
829 2193 942 2272 ,qualia
966 2194 1056 2274 quiam
1078 2200 1159 2277 turpi
1178 2201 1260 2279 iuga,
1324 2203 1327 2205 “

116 2291 203 2350 rediit
220 2291 253 2348 in
266 2310 395 2368 regnum,
406 2310 502 2364 suum,
518 2290 783 2366 Salaminerelicto,
805 2292 902 2352 victus
920 2292 960 2351 ad
980 2293 1124 2354 sumina
1145 2298 1263 2372 assise-

115 2392 275 2454 mistocle:
297 2395 339 2470 (ν.
354 2393 497 2453 Herodot
513 2394 583 2452 VII.
627 2395 727 2473 Nepos
740 2405 770 2454 et
784 2394 863 2456 Plut.
886 2395 918 2454 in
939 2394 1097 2475 Themist)
1116 2397 1166 2458 ille
1185 2399 1264 2460 stoli·

116 2498 179 2556 dus
193 2517 228 2556 ec
242 2497 387 2574 superbus
401 2515 461 2567 rex,
484 2497 580 2575 (cujus
593 2497 622 2555 in
637 2496 743 2557 nomine
762 2496 894 2576 superbio
914 2505 941 2555 et
964 2497 1123 2575 impeteretis
1146 2498 1262 2572 holdai,

116 2599 221 2661 Valet.
232 2597 314 2659 Max.
330 2599 387 2673 IX,
403 2606 430 2659 5.
446 2611 503 2661 ext.
519 2602 562 2680 2.)
577 2599 630 2680 qui
643 2611 737 2671 sntea,
752 2620 845 2679 quum
864 2599 1031 2671 audivisset,
1052 2613 1182 2680 pontem,
1203 2623 1263 2683 quo

113 2702 269 2784 junxisset
283 2702 520 2782 Hellespontum,
533 2710 705 2781 tempestate
726 2702 856 2763 solutum
875 2700 946 2774 esse,
966 2698 1101 2781 jusserat,
1124 2703 1262 2765 Coro-st·

122 2825 191 2884 que
205 2805 285 2875 Euro,
298 2806 329 2865 h.
343 2826 370 2867 e.
383 2805 488 2875 ventis,
503 2784 632 2865 trecenta
645 2804 740 2883 infligi
753 2807 876 2865 verbere
889 2815 919 2864 et
931 2803 1016 2865 binas
1029 2805 1060 2863 in
1078 2825 1160 2866 mare
1179 2806 1262 2886 injici

120 2903 290 2983 compedes,
303 2906 441 2982 glorians,
456 2904 584 2965 sibinen
597 2903 687 2963 modo
699 2904 730 2962 in
745 2916 848 2963 ventos
867 2924 902 2964 ac
920 2903 1020 2973 mario,
1042 2903 1093 2963 sed
1113 2903 1145 2963 in
1165 2905 1263 2997 ipsum

120 3026 245 3085 quoque
258 3006 464 3087 Ennosigoeum‚
480 3008 664 3086 Neptunum,
678 3006 852 3085 compedibus
864 3028 882 3065 s
905 3026 936 3066 se
956 3006 1084 3075 doctum,
1106 3006 1274 3085 imperium·

121 3130 195 3169 esse.
209 3130 238 3169 v.
255 3110 397 3171 Herodot
414 3110 487 3181 VII,
502 3117 550 3170 84.
571 3118 618 3170 85.
640 3110 692 3189 qui
716 3120 814 3170 tamen
835 3109 866 3169 in
888 3128 968 3168 mare
992 3111 1130 3180 Xerxem,
1150 3129 1212 3170 non
1231 3112 1263 3172 in

122 3220 226 3272 ventos
251 3212 377 3272 saeviisse
400 3212 523 3292 flagellis
547 3224 653 3272 narret.
696 3212 742 3272 ef.
766 3212 868 3272 Senec.
892 3213 931 3271 dc
950 3222 1042 3272 const.
1063 3232 1124 3291 sap.
1143 3232 1168 3273 c·
1190 3222 1217 3274 4.
1232 3226 1262 3275 et

124 3312 224 3372 Valet.
239 3312 319 3371 Max.
333 3312 392 3383 111,
407 3320 436 3372 e.
449 3323 508 3372 ext.
524 3320 552 3371 3.
596 3318 662 3371 180.
687 3310 789 3370 Corum
802 3323 832 3371 et
845 3311 964 3380 Eurum,
978 3322 1081 3371 ventos
1094 3312 1264 3385 contrarios,

127 3412 202 3471 bene
214 3412 314 3489 posuit
326 3423 421 3491 poeta,
442 3422 591 3490 tamquam
611 3420 814 3489 tempestatem
833 3408 1009 3470 excitantem
1030 3430 1111 3469 com
1131 3413 1218 3472 etiam
1238 3434 1260 3474 s.

128 3528 240 3579 caurus,
265 3510 414 3592 (dfyicrat,
428 3510 578 3588 nordweat)
599 3520 705 3569 ventus
725 3505 933 3575 velmmentior,
955 3508 1036 3567 unde
1053 3508 1085 3568 in
1105 3518 1261 3590 tempesta·

127 3623 190 3671 tum
204 3611 450 3692 descriptionibus
462 3610 574 3672 mentio
586 3612 650 3692 ejus
663 3610 726 3671 fieri
740 3610 875 3670 solet-
897 3616 965 3671 181.
984 3612 1091 3672 Facete
1109 3624 1197 3691 poeta
1215 3613 1261 3674 di·
1331 3650 1335 3659 ·

126 3714 172 3788 cit,
187 3727 294 3775 ventos
306 3737 325 3774 a
336 3735 407 3794 rege
419 3736 473 3776 suo
487 3715 573 3775 AEolo
586 3734 646 3773 non
659 3724 719 3773 tum
732 3712 809 3771 msle
820 3733 856 3771 sc
868 3712 1024 3773 crudeliter
1034 3715 1161 3787 tractari,
1172 3736 1261 3794 quem

125 3816 238 3877 sfatuo
253 3819 367 3878 Xerxe:
389 3818 469 3877 unde
482 3816 569 3876 etiam
584 3815 722 3875 tartaro
734 3814 763 3873 h.
777 3814 798 3872 l·
818 3833 879 3873 non
897 3826 958 3875 tum
977 3818 1160 3896 peregrinus,
1180 3828 1261 3877 exte-

127 3932 175 3973 rus
189 3932 254 3983 rex,
270 3913 406 3993 (vulgare
420 3912 570 3993 epitheton
583 3912 691 3971 Xerxis
713 3932 760 3991 sp.
783 3911 936 3999 Herodot,
959 3911 1095 3992 Thucyd.
1118 3924 1149 3972 et
1169 3913 1260 3995 Nep)

126 4036 216 4094 quam
230 4017 324 4089 rudis,
338 4016 525 4086 inhumanus,
540 4032 642 4075 sevus.
724 4014 801 4072 AEoli
823 4034 928 4083 carcer,
954 4014 1036 4074 sedes
1056 4025 1087 4075 et
1106 4016 1262 4094 imperium

126 4119 173 4179 vel
187 4120 333 4181 tironibus
346 4132 416 4181 noto
429 4140 466 4181 ex
480 4119 563 4198 Virg.
579 4118 646 4179 AEn.
661 4118 687 4188 1,
702 4123 738 4176 51
754 4136 812 4198 seq.
825 4116 879 4176 ubi
898 4116 937 4175 cf.
958 4116 1069 4195 Heynii
1089 4119 1161 4179 Eac
1202 4122 1263 4183 Hic

122 4218 249 4296 mythus
271 4219 358 4281 simul
381 4221 411 4278 h.
434 4217 455 4276 Ι.
480 4216 570 4278 rideri
591 4214 717 4287 videtur,
742 4213 836 4293 magis
859 4224 957 4275 tomen
982 4214 1122 4277 stoliditas
1144 4212 1261 4281 Xerxis.

127 4322 197 4376 182.
220 4316 414 4397 Ennoaigoeua,
428 4315 594 4396 Ἐννοσίγαιος
606 4300 766 4393 νεΙρνορν.
786 4312 949 4395 Ἔννώγανος,
971 4316 1054 4393 (nem
1072 4316 1158 4376 metri
1176 4336 1263 4378 causa
1316 4363 1321 4377 .

125 4414 213 4477 litera
227 4438 238 4477 ν
250 4418 431 4497 geminatur)
445 4416 476 4481 h.
490 4437 516 4477 e.
529 4406 647 4486 rimo,
662 4412 804 4493 quatiens,
817 4434 948 4495 movens,
973 4414 1069 4500 (imis,
1089 4420 1179 4488 κίνησις
1199 4418 1262 4478 He·

656 4516 680 4566 E
689 4531 702 4567 e
715 4522 730 4566 4
