3100 5250
487 451 540 528 nt
560 453 724 521 Juvnu.
749 415 850 526 ssu
873 459 971 526 vus
1225 465 1292 526 sss

143 623 282 684 Martiali
303 623 342 696 V,
358 630 406 695 58,
421 632 449 684 2.
470 635 501 686 st
512 626 581 704 ogni
594 626 661 688 loeo
674 628 763 689 homo
775 629 874 690 mollis
885 642 918 691 et
928 631 1115 692 duninstm
1134 610 1298 712 proverbio¹

141 721 268 783 dicitur.
310 723 441 802 Euganei
459 723 543 784 initio
559 727 636 788 inter
649 727 746 807 Alpes
757 739 788 788 et
800 748 882 788 mare
895 728 1102 790 Hadriaticum
1115 731 1293 803 incolebant,

142 824 259 886 deinde
273 847 292 885 a
304 826 425 886 Venetis
444 827 522 906 pulsi
542 829 573 887 in
593 829 717 909 Alpinas
730 839 838 909 partes,
851 829 929 891 inter
940 831 1070 892 Athesin
1084 835 1112 893 11.
1127 845 1157 894 et
1172 835 1295 896 Larium

143 927 261 999 laeum,
275 931 473 1001 assesserunt5
496 929 577 1006 (Liv.
592 931 618 1001 1,
635 933 676 1010 1.)
698 932 780 991 unde
796 942 826 991 et
838 931 945 993 Veneti
958 933 1065 1012 sapius
1083 935 1179 1013 poetis
1195 937 1295 1018 Engo-

146 1025 199 1084 κεί
214 1026 359 1086 dicuntur.
385 1025 517 1088 Venetiae
527 1038 625 1086 autem
640 1047 708 1106 opp.
719 1027 866 1098 Altinum,
887 1028 927 1088 ad
947 1029 1055 1089 ostium
1069 1030 1137 1090 Silis
1152 1031 1182 1090 fl.
1196 1032 1295 1102 utum,

152 1125 227 1188 alba
245 1129 379 1208 mollique
398 1128 466 1188 lana
485 1129 556 1188 olim
576 1129 720 1188 inclaruit.
770 1128 921 1209 Velleribus
932 1129 1034 1208 primis
1047 1131 1164 1210 Apulia,
1184 1133 1295 1191 Poma

150 1230 285 1288 modis
303 1229 420 1302 Nobilis,
441 1229 565 1290 Altinum
580 1229 664 1290 tertio
678 1229 777 1290 laudm
790 1228 1010 1300 ouir,1Msrt1al
1027 1233 1114 1302 XIV,
1133 1240 1199 1292 155.
1240 1231 1297 1294 ΑΙ-

145 1329 259 1392 tinstes
272 1332 359 1392 etiam
373 1353 443 1393 aves
454 1333 596 1412 praeditat
609 1332 723 1394 Colum.
739 1331 812 1403 vll,
827 1341 856 1404 2,
870 1341 945 1394 teet
961 1333 1206 1414 Circumpadanos
1219 1335 1297 1394 Plio.

147 1427 243 1499 v111,
257 1436 306 1489 48.
321 1451 343 1490 s.
358 1438 452 1498 asset
470 1429 647 1494 Pollentinas
669 1430 798 1492 Martial.
813 1430 899 1500 xlv,
917 1438 984 1498 157.
1026 1432 1169 1511 Epitheta
1190 1453 1261 1493 vero
1279 1454 1298 1493 a

149 1530 354 1610 prestantium
366 1531 465 1612 aliquo
484 1551 592 1611 genere
606 1533 684 1601 duci,
704 1532 773 1592 satis
786 1543 899 1592 notum.
913 1569 954 1582 -
969 1531 1016 1594 16.
1038 1535 1162 1606 Pumice,
1182 1535 1251 1615 pioe
1267 1546 1298 1595 et

153 1634 259 1704 resina,
278 1645 379 1698 cutem
398 1645 492 1698 terere
511 1635 559 1694 vel
577 1635 706 1714 levigare
716 1634 861 1696 'mollium
874 1635 1072 1696 rirornmest
1081 1636 1106 1674 ¹⁴
1190 1635 1299 1696 Cotiao

156 1751 180 1791 s.
196 1731 315 1802 cmm,
332 1736 451 1804 Κατάνῃ,
465 1732 571 1794 Siciliae
581 1753 650 1812 opp.
664 1750 757 1812 prope
772 1731 903 1802 AEtnam,
925 1752 962 1790 ex
976 1753 1036 1810 qno
1049 1743 1150 1792 monte
1163 1733 1299 1812 pumices

150 1827 321 1906 ejiciuntur,
336 1831 445 1908 quihus
458 1830 522 1908 ipsa
534 1830 656 1890 demum
668 1829 740 1889 urbs
753 1829 860 1888 obruta
872 1839 904 1888 et
917 1828 1022 1888 deleta.
1039 1830 1082 1907 (v.
1097 1829 1185 1888 Oros.
1199 1829 1237 1898 V,
1251 1833 1298 1889 ts.

149 1937 181 1988 et
195 1930 326 1990 Dorrill.
343 1931 400 1991 sic.
414 1953 439 1991 c.
456 1934 516 2010 15.)
560 1931 721 2010 Epitheton
735 1951 804 1991 cum
817 1930 934 1991 delectu
954 1931 1084 2011 poaimm
1098 1953 1171 2004 esse,
1191 1931 1299 1993 intelli·

150 2033 234 2112 gitur
258 2055 297 2094 ex
320 2035 418 2094 verbis
441 2045 498 2094 vet
524 2034 622 2096 Schol.
651 2044 671 2072 “
687 2033 792 2094 Cotiao
807 2032 1008 2112 opp.Sioiliae,
1028 2035 1177 2113 usquead
1191 2035 1302 2113 probra

153 2135 333 2196 dissolutum
345 2147 471 2208 notatur,
487 2145 520 2196 ut
534 2137 705 2198 Bibaculus:
721 2135 884 2197 Otrereues
897 2135 1060 2215 Catinaeque
1073 2157 1156 2215 puer,
1170 2137 1300 2198 Cumana

156 2239 284 2299 metris
294 2243 327 2306 ‚·''
348 2259 437 2318 quem
450 2259 568 2300 versum
586 2239 618 2297 in
634 2238 728 2298 Servii
740 2236 873 2316 reliquiis
886 2236 986 2314 legere
998 2238 1174 2297 meminerat
1188 2239 1300 2299 Pithoe-

155 2363 199 2402 us.
228 2343 394 2422 Grangaeus
414 2354 505 2414 notat,
527 2341 654 2402 mundos
676 2340 841 2401 Cannenses
859 2339 951 2400 fuisse
971 2340 1117 2400 dictos‘et
1137 2332 1298 2402 Lentulum

153 2441 225 2520 inde
245 2441 375 2501 Mimnm
395 2443 574 2521 inscripsisse
597 2439 767 2509 Cotineuses,
788 2439 827 2499 de
847 2458 908 2518 quo
927 2458 955 2496 v.
978 2439 1102 2499 Tertull.
1117 2439 1148 2498 in
1168 2440 1299 2519 Apolog.

157 2552 206 2611 17.
229 2545 395 2625 Squaleutes
412 2546 469 2615 oui,
490 2563 616 2625 quorum
637 2553 739 2604 statuar
752 2554 783 2602 et
796 2541 939 2620 imagines
952 2544 990 2602 ob
1007 2554 1182 2603 vetustatem
1202 2543 1301 2604 oolore

157 2648 279 2708 sordido
298 2649 436 2709 obductas
447 2659 478 2709 et
491 2648 548 2709 situ
563 2646 664 2708 obsitae
678 2657 767 2716 sunt;
790 2656 824 2704 ut
843 2644 974 2725 equuleus
988 2646 1036 2705 vel
1050 2647 1165 2706 donent
1178 2668 1301 2726 campus

160 2754 194 2803 st
208 2747 315 2822 σηιριλή
327 2746 396 2825 χθὼν
409 2745 517 2805 dieitur
532 2760 663 2823 campus,
678 2744 729 2823 qui
742 2744 835 2802 nimio
848 2743 917 2802 solia
926 2743 1030 2802 ardore
1039 2754 1170 2815 exustus,
1182 2744 1301 2804 sordido

161 2842 260 2902 aolore
278 2864 311 2903 ac
329 2837 423 2904 nitore
444 2842 649 2923 pulverulento
669 2842 825 2913 obductus,
846 2842 937 2902 tristis
956 2841 1097 2920 adspectu
1119 2855 1150 2903 et
1171 2843 1302 2905 incultus

157 2956 213 3005 eat
225 2946 249 2983 ¹⁵
289 2946 432 3007 Nonnulli
453 2957 605 3025 exponunt
622 2945 742 3023 rigidos,
766 2965 890 3017 severos,
911 2945 1088 3005 munditiem
1105 2947 1300 3024 corporisne·

156 3046 318 3127 gligentes,
333 3048 380 3109 vel
395 3046 463 3127 pilis
475 3048 618 3117 horridos,
639 3048 769 3107 intonsos
783 3047 918 3108 incomtis
931 3047 1044 3127 oapillis
1057 3048 1189 3127 adeoque
1202 3050 1301 3127 pumi-

156 3146 243 3207 eihns
256 3168 318 3206 non
331 3148 482 3226 levigatos,
503 3150 540 3219 ul
561 3148 806 3229 lpurumgouirouu
826 3146 877 3207 alii
892 3146 1036 3225 lugentes,
1057 3147 1164 3227 quihus
1182 3147 1301 3225 squalor

155 3260 187 3308 et
210 3250 313 3309 sordes
336 3249 514 3310 tribuuntur.
602 3250 748 3321 Troducs't,
769 3249 842 3310 risui
862 3250 992 3327 exponit,
1013 3250 1190 3309 contumelia
1203 3250 1299 3319 afficit,

159 3348 409 3428 σῳδιμγμᾳτῖζης
441 3349 611 3429 metaphora
628 3352 666 3409 ab
686 3350 722 3411 iis
742 3351 843 3429 petita,
864 3348 917 3428 qui
938 3358 1007 3407 ante
1024 3350 1123 3409 oculos
1146 3348 1301 3410 hominum

162 3452 363 3523 traducuntur,
385 3462 420 3513 ut
439 3452 605 3531 speetsoulo
625 3453 692 3513 sint
704 3452 728 3491 ¹⁶
770 3452 919 3513 Gesnerus
939 3452 971 3511 in
985 3452 1073 3511 Thes.
1087 3451 1189 3531 philol.
1203 3453 1300 3532 suspi-

161 3553 291 3625 cabatur,
311 3564 430 3631 poetam
449 3554 611 3631 respexisse
630 3552 668 3611 ad
688 3572 830 3631 pompam
850 3553 1000 3613 solennem
1019 3552 1168 3624 funerum,
1189 3554 1301 3632 inqua

153 3654 302 3733 imagines
324 3655 468 3734 majorum
489 3656 738 3725 traducebantu13
760 3674 820 3733 quo
840 3666 871 3714 et
890 3676 950 3735 seq.
971 3675 1089 3715 uersum
1109 3654 1201 3733 vulgo
1225 3655 1300 3718 refe·

153 3766 235 3815 runt
318 3762 404 3813 erutor
417 3754 522 3824 ueneni,
536 3754 691 3815 veneficus.
706 3788 746 3802 -
763 3761 810 3813 18.
832 3754 893 3827 Qui
907 3754 949 3814 rei
964 3756 1104 3834 capitalis,
1115 3765 1147 3814 et
1156 3752 1300 3823 veneficii,

154 3853 329 3931 majestatis,
352 3852 561 3931 perduellionis
582 3864 646 3921 cet,
672 3852 743 3913 olim
757 3852 989 3924 damnabantur,
1009 3872 1113 3913 eorum
1131 3862 1163 3910 et
1181 3850 1301 3909 nomina

157 3952 251 4013 deleri
272 3952 414 4030 fastisque
434 3952 524 4021 eradi,
545 3962 575 4013 et
595 3962 698 4013 statuas
711 3962 800 4031 atque
813 3952 956 4029 imagines
968 3973 986 4011 a
996 3952 1109 4039 ¹furiosa
1120 3950 1208 4028 plebe
1226 3950 1299 4019 tolli,

153 4055 204 4115 vel
226 4054 313 4117 smlis
332 4056 457 4115 admotis
475 4055 648 4135 laqueisque
668 4054 782 4133 injectis
802 4054 834 4113 in
853 4066 962 4114 terram
981 4052 1104 4124 detrahi,
1126 4051 1188 4112 solo
1201 4053 1299 4133 affligi,

165 4267 205 4307 -¹·
222 4268 686 4327 v.sd11‚12.0vtd.s.a.1,sos.
778 4267 796 4299 ¹⁸
814 4265 1299 4325 01111,31.1.ἱν.11,58.111111111,

186 4334 206 4364 ¹⁵
223 4349 246 4382 r.
268 4335 300 4383 ad
321 4335 362 4383 su.
386 4336 409 4389 1.
429 4342 486 4385 211.
508 4336 561 4389 111,
583 4340 639 4384 655.
664 4333 711 4389 IV,
747 4340 786 4383 23.
802 4334 867 4384 Suet
882 4334 931 4381 Tu.
945 4339 968 4381 8.
983 4334 1056 4382 Mart.
1067 4333 1088 4389 1,
1102 4338 1141 4392 54,
1152 4338 1176 4381 5.
1191 4331 1247 4389 111,
1258 4337 1298 4389 74,

148 4398 280 4515 qggqlqilr
295 4401 372 4523 :Spq
393 4401 449 4459 111,
465 4408 520 4452 rot.
541 4400 655 4465 Apollon.
674 4400 712 4457 11,
745 4406 770 4451 5.
784 4400 833 4459 Vl,
844 4404 884 4458 77,
895 4403 918 4449 5.
933 4396 963 4447 sl.

712 4554 766 4601 Η
