3100 5250
438 495 490 562 IN
511 495 676 563 JUVEN.
702 497 802 564 SAT.
825 500 884 563 Vl.
1162 503 1226 562 247

90 671 902 749 quimanineriesehaberetesticuloo.-ooo.341.
943 671 992 731 De
1010 669 1116 732 iisdem
1136 671 1238 732 Bm·

89 773 155 832 Dee
170 773 267 833 oacrio
282 773 484 852 Senecoepiot
501 773 625 834 XCVII.
668 773 807 836 Submotis
819 784 900 835 eotro
912 782 1085 856 conspectum
1103 774 1228 834 moion

88 875 159 944 ciris,
192 885 226 934 ut
252 876 373 956 pictum
394 895 497 956 quoque
519 876 702 938 musculorum
725 876 889 936 animalium
913 884 1095 958 contegantur
1117 885 1172 934 cet.
1186 910 1227 924 -

86 975 215 1046 alterium
244 975 405 1046 mumulini,
430 995 522 1046 renea,
550 975 647 1047 maria,
672 977 816 1056 figuram,
843 975 1009 1054 imaginem,
1040 973 1148 1034 imitato
1175 982 1235 1043 eet,-

84 1077 247 1157 expremit,
261 1077 516 1140 exhibuit-842
531 1099 591 1158 aeq.
633 1079 675 1140 Et
687 1079 774 1158 pauci
791 1081 855 1160 jam
874 1088 949 1150 tuno,
971 1077 1068 1140 Clodii
1086 1077 1227 1156 telupori·

84 1177 152 1246 bue,
168 1177 224 1248 ita,
238 1187 273 1238 ut
285 1175 342 1246 dle,
355 1175 504 1255 antiquam
524 1197 672 1238 sacrorum
692 1176 875 1255 religionem
886 1179 1080 1257 spernebant:
1101 1185 1133 1236 at
1152 1194 1227 1234 auno

89 1273 189 1344 Clodii,
205 1275 237 1334 b.
251 1295 278 1334 e.
291 1276 403 1335 aceleati
415 1276 558 1349 homines,
574 1274 679 1342 Clodio
691 1275 810 1348 similea,
826 1276 878 1353 (cl'.
892 1276 933 1336 ad
946 1274 989 1364 ΙΙ,
1005 1278 1069 1355 39.)
1090 1275 1141 1353 qni
1161 1273 1227 1353 ipn

88 1373 195 1452 templa
217 1383 249 1433 et
271 1393 336 1435 arao
360 1374 513 1435 adulteriis
532 1375 706 1454 probrisque
725 1375 893 1453 profanent,
912 1371 1011 1432 ubivis
1030 1370 1225 1449 reperiuntur.

89 1475 164 1533 Nam
177 1475 274 1534 Clodii
287 1476 471 1554 temporibus
486 1475 549 1555 jam
563 1495 670 1554 magna
683 1474 814 1554 quidem,
827 1493 883 1534 nec
894 1484 993 1532 tomen
1006 1482 1097 1543 unu,
1117 1481 1233 1549 quanta·

90 1571 134 1642 iia,
148 1572 254 1649 quibui
266 1584 355 1652 poeto
368 1573 583 1643 vixit'morum
596 1571 762 1650 corruptela
775 1571 840 1632 fuit.
883 1569 983 1648 Vulgo
996 1577 1062 1628 tunc
1074 1569 1113 1628 de
1128 1569 1226 1648 priaco

91 1669 138 1729 vel
161 1671 235 1730 adeo
255 1691 344 1732 aureo
367 1673 509 1751 accipitur
535 1671 642 1742 seculo,
666 1671 715 1731 cui
738 1670 904 1749 etreliqua
926 1669 1017 1728 verba
1038 1668 1225 1746 magiocon-

91 1767 220 1828 veniunt.
260 1768 320 1828 Sed
333 1768 495 1850 nullaejuo
513 1770 624 1830 mentio
642 1769 793 1850 praemieaa
811 1779 874 1839 αις
895 1766 953 1828 nioi
971 1768 1047 1827 forte
1067 1766 1224 1836 exiotimeo,

93 1877 203 1944 poetam
216 1866 287 1926 inde
300 1888 318 1926 o
330 1888 360 1925 v.
380 1865 452 1928 286.
472 1867 696 1946 descriptionem
717 1865 952 1928 commutationis
974 1877 1141 1945 temporum
1160 1885 1225 1924 mo·

94 1983 215 2043 rumque
225 1965 373 2044 percoqui.
415 1972 474 2026 343
489 1987 550 2046 aeq.
578 1967 673 2028 Nemo
686 1967 757 2026 olim
770 1967 977 2027 contemnebat
987 1966 1139 2027 ridebatve
1150 1964 1226 2024 adeo
1245 1982 1250 1990 ·

94 2067 136 2126 vel
154 2067 220 2147 ipoa
237 2069 368 2138 numina,
390 2068 437 2128 vel
460 2089 527 2130 vaca
546 2089 645 2149 parva,
667 2070 729 2130 aive
748 2070 857 2149 lignea,
880 2071 943 2131 oioe
966 2070 1075 2142 fictilia,
1094 2089 1224 2149 quorum

96 2170 218 2228 osuin
236 2172 320 2231 oacrio
342 2175 521 2234 oeroobutur·
558 2173 608 2246 Cf.
631 2172 723 2251 Apul.
747 2171 836 2252 Apol.
859 2192 889 2250 p.
911 2179 982 2242 2⁸5,
1006 2178 1055 2230 41.
1074 2172 1122 2232 ed.
1146 2173 1225 2230 lilm.

96 2272 147 2330 De
159 2270 293 2351 simpuvio
302 2273 348 2332 vel
358 2273 477 2352 simpulo
489 2294 517 2333 v·
532 2273 655 2334 Excuro.
667 2274 706 2332 ad
719 2272 749 2332 h.
763 2272 784 2331 1.
866 2272 978 2341 Num,
991 2271 1045 2351 qui
1057 2290 1137 2332 caera
1156 2290 1226 2330 cum

96 2371 269 2432 cerimoniis
280 2383 430 2453 totumque
444 2375 576 2436 Deorum
590 2372 703 2436 cultum
718 2371 854 2432 instituit.
935 2369 1054 2430 catinus
1066 2390 1092 2430 o.
1103 2368 1227 2429 cotim

94 2471 211 2551 rigna,
225 2493 276 2532 rao
289 2473 377 2534 fictile
390 2495 409 2533 e
421 2473 507 2552 nigra
519 2483 604 2534 terro.
683 2472 818 2552 patellae,
832 2473 917 2540 benc,
930 2490 991 2534 non
999 2469 1137 2550 polium
1150 2462 1227 2548 fro-

90 2575 169 2654 gibi,
188 2595 247 2637 non
266 2597 379 2651 aureao,
400 2578 453 2639 oed
472 2577 584 2649 limsseo,
605 2575 705 2657 quuleo
725 2577 756 2637 in
780 2584 869 2637 nicole
899 2573 1032 2637 Voticooo
1050 2586 1081 2635 et
1102 2570 1140 2635 ex
1160 2575 1226 2655 ejuo

93 2688 172 2737 terra
182 2678 317 2756 argillon
326 2680 523 2759 fingebantur.

136 2776 244 2837 346-
253 2786 320 2839 351.
348 2780 451 2851 Audio,
465 2800 524 2853 non
538 2781 642 2860 ignoro
655 2780 886 2864 quidem-quale
898 2780 1053 2841 concilim
1064 2778 1139 2839 mibi
1150 2779 1225 2848 obn,

94 2874 121 2933 b.
135 2894 161 2935 e.
170 2876 231 2955 jam
243 2876 370 2949 dudum,
387 2880 437 2957 (ut
450 2878 504 2949 IV,
518 2877 567 2949 96.
580 2890 611 2939 et
623 2878 675 2959 al.)
696 2889 847 2957 tamquam
865 2878 1012 2958 optimum
1030 2896 1067 2937 ac
1085 2877 1225 2956 primum,

95 2972 333 3035 dedimmtoooici
354 2985 466 3045 oeteren
486 2986 572 3036 retate
591 2986 622 3037 et
641 2996 697 3037 uon
717 2976 815 3048 docti;
836 2976 889 3038 oed
908 2976 984 3036 illud
1003 2994 1114 3035 vanum
1131 2984 1178 3033 aot
1196 2984 1228 3031 et

95 3072 191 3133 inutile
203 3075 313 3135 nostrie
326 3076 517 3155 temporrbru,
531 3076 640 3154 quibua
653 3096 765 3137 ummo
778 3096 863 3155 aequa
876 3094 911 3135 ac
930 3072 1050 3133 minim
1068 3071 1098 3131 b
1115 3090 1141 3130 e.
1161 3070 1226 3129 ioli·

94 3196 146 3237 me
162 3177 300 3239 mulieres
319 3178 359 3237 ad
379 3198 595 3258 quamcumque
615 3176 768 3239 libidinem
787 3197 889 3256 pronae
908 3186 994 3239 aunt.
1067 3174 1155 3243 Pone,
1175 3192 1228 3251 ap-

96 3300 178 3357 pone,
191 3298 281 3341 teron
292 3282 395 3361 janum
411 3281 611 3362 conjugia,·(v.
626 3281 729 3341 Heina.
749 3281 789 3341 ad
808 3280 900 3340 Ouid.
919 3282 989 3339 Am.
1011 3276 1071 3347 ΙΙΙ,
1094 3284 1143 3347 14,
1166 3278 1227 3352 10.)

97 3388 128 3437 et
141 3378 239 3449 cobibe,
251 3378 373 3441 include
385 3388 459 3453 eom',
480 3381 620 3445 adhibitio
640 3382 729 3441 etium
749 3378 928 3448 custodibus,
948 3396 1030 3435 moro
1050 3374 1162 3435 Greco-
1185 3377 1228 3458 (v.¹

97 3476 207 3536 Pouer.
226 3479 366 3541 Arcbmob
385 3480 440 3551 1v,
463 3481 526 3561 13.)
544 3516 585 3531 -
599 3488 669 3547 347.
690 3486 758 3539 348.
799 3477 932 3557 Lepidua
952 3476 1034 3537 luouo
1053 3476 1228 3537 verborum:

95 3578 237 3637 mooe:
249 3582 379 3641 cauma.
390 3614 434 3629 -
446 3581 483 3640 ob
503 3581 560 3641 illio
579 3580 677 3661 incipit
698 3599 779 3649 uuor,
800 3576 935 3662 cuotodeo
954 3576 1002 3637 vel
1021 3576 1147 3656 pecunia
1165 3594 1229 3637 cor·

95 3700 249 3760 rumpens,
273 3683 319 3743 vel
339 3684 414 3744 odeo
433 3684 473 3745 ad
497 3685 687 3745 concubitum
711 3681 913 3743 sollicimu²¹
954 3687 1022 3741 350.
1044 3679 1229 3741 Describitur

92 3780 196 3859 puella
224 3802 296 3861 vago
319 3796 349 3845 et
372 3784 561 3864 paupercula,
586 3804 653 3865 quoe
674 3782 796 3863 pedibus
817 3780 906 3841 undio
926 3779 1037 3841 incedit
1055 3799 1109 3857 per
1127 3778 1231 3837 silium

91 3889 196 3951 olm,
212 3881 241 3941 h·
255 3902 279 3941 ε
293 3882 405 3965 pluteos
417 3884 575 3945 lutulentae
589 3884 669 3945 silice
683 3894 795 3951 cuatus,
815 3892 849 3942 ut
866 3901 914 3959 ap
936 3880 1023 3959 Prop.
1047 3879 1090 3950 ΙΙ,
1111 3885 1160 3947 23,
1184 3883 1230 3934 15.

91 3994 119 4045 et
135 3984 277 4047 Pmdeut
292 3999 395 4048 contra
409 3990 520 4068 Symm.
535 4008 566 4046 vs
578 3994 647 4048 582.
729 3985 842 4047 Silicem
859 3993 951 4045 utrum
970 3982 1010 4043 ad
1030 3981 1232 4061 pavimentum

93 4086 173 4147 Rom.
192 4111 232 4151 ex
255 4090 425 4171 liquefactio
444 4093 589 4152 montium
609 4090 777 4151 ardentium
796 4086 996 4167 ejectamentio
1015 4080 1234 4162 congelatisque

95 4195 288 4273 comporitmu
308 4196 401 4256 refert
423 4194 539 4255 Wakef.
566 4194 606 4259 ad
628 4193 745 4257 Luoec
770 4194 796 4263 l,
820 4190 887 4253 316.
902 4226 943 4239 -
957 4194 1025 4248 351.
1068 4184 1235 4265 Deocriptio

117 4420 134 4451 '¹
149 4378 258 4485 comp
275 4437 299 4471 r.
319 4426 376 4471 355.
397 4423 464 4486 Lipa.
483 4432 509 4472 et
526 4422 602 4471 Grcu.
617 4420 649 4469 ad
681 4425 706 4475 4,
727 4420 803 4483 Γιη.
820 4430 846 4468 ot
865 4420 918 4467 Art.
940 4418 997 4465 Am.
1017 4415 1071 4476 111,
1084 4419 1235 4465 cll-auu

94 4482 141 4535 Tac.
162 4489 232 4536 Arm.
257 4486 311 4545 ΙΙΙ,
329 4490 371 4537 ³⁵.
398 4488 470 4538 Ouid.
493 4492 576 4538 Amor.
595 4486 649 4541 ΙΙΙ,
685 4484 756 4547 Prop.
774 4484 811 4542 ll,
823 4492 847 4541 6,
858 4490 889 4534 57
901 4498 949 4547 aeq.
965 4479 1044 4549 ibique
1058 4480 1183 4531 nmium

644 4586 696 4642 0,ss
