<?xml version="1.0" encoding="UTF-8"?>
<!DOCTYPE html PUBLIC "-//W3C//DTD XHTML 1.0 Transitional//EN"
    "http://www.w3.org/TR/xhtml1/DTD/xhtml1-transitional.dtd">
<html xmlns="http://www.w3.org/1999/xhtml" xml:lang="en" lang="en">
 <head>
  <title>
</title>
<meta http-equiv="Content-Type" content="text/html;charset=utf-8" />
  <meta name='ocr-system' content='tesseract 3.04.00' />
  <meta name='ocr-capabilities' content='ocr_page ocr_carea ocr_par ocr_line ocrx_word'/>
</head>
<body>
  <div class='ocr_page' id='page_1' title='image "./djuniijuvenalis02persgoog_0340.png"; bbox 0 0 3100 5250; ppageno 0'>
   <div class='ocr_carea' id='block_1_1' title="bbox 426 454 1232 547">
    <p class='ocr_par' dir='ltr' id='par_1_1' title="bbox 426 454 1232 547">
     <span class='ocr_line' id='line_1_1' title="bbox 426 454 1232 547; baseline 0 -2"><span class='ocrx_word' id='word_1_1' title='bbox 426 454 666 546; x_wconf 68' lang='lat' dir='ltr'><strong>1n&#39;Juvnu.</strong></span> <span class='ocrx_word' id='word_1_2' title='bbox 692 474 791 547; x_wconf 76' lang='lat' dir='ltr'><strong>snr.</strong></span> <span class='ocrx_word' id='word_1_3' title='bbox 815 478 894 546; x_wconf 90' lang='lat' dir='ltr'><strong>vu.</strong></span> <span class='ocrx_word' id='word_1_4' title='bbox 1166 483 1232 545; x_wconf 73' lang='lat' dir='ltr'><strong>sss</strong></span> 
     </span>
    </p>
   </div>
   <div class='ocr_carea' id='block_1_2' title="bbox 66 670 1316 3878">
    <p class='ocr_par' dir='ltr' id='par_1_2' title="bbox 66 670 1316 3878">
     <span class='ocr_line' id='line_1_2' title="bbox 70 670 1232 743; baseline 0.003 -12"><span class='ocrx_word' id='word_1_5' title='bbox 70 670 112 731; x_wconf 79' lang='lat' dir='ltr'><strong>sd</strong></span> <span class='ocrx_word' id='word_1_6' title='bbox 129 671 159 743; x_wconf 92' lang='lat'><strong>1,</strong></span> <span class='ocrx_word' id='word_1_7' title='bbox 175 681 227 735; x_wconf 78' lang='lat'><strong>32.</strong></span> <span class='ocrx_word' id='word_1_8' title='bbox 242 674 268 734; x_wconf 87' lang='lat' dir='ltr'><strong>si</strong></span> <span class='ocrx_word' id='word_1_9' title='bbox 289 672 328 733; x_wconf 88' lang='lat' dir='ltr'><strong>de</strong></span> <span class='ocrx_word' id='word_1_10' title='bbox 347 672 451 733; x_wconf 85' lang='lat' dir='ltr'><strong>codem</strong></span> <span class='ocrx_word' id='word_1_11' title='bbox 466 675 508 735; x_wconf 92' lang='lat' dir='ltr'><strong>ibi</strong></span> <span class='ocrx_word' id='word_1_12' title='bbox 521 674 617 735; x_wconf 80' lang='lat' dir='ltr'><strong>sermo</strong></span> <span class='ocrx_word' id='word_1_13' title='bbox 630 686 681 737; x_wconf 82' lang='lat' dir='ltr'><strong>est·</strong></span> <span class='ocrx_word' id='word_1_14' title='bbox 722 676 868 741; x_wconf 78' lang='lat' dir='ltr'><strong>conturbat</strong></span> <span class='ocrx_word' id='word_1_15' title='bbox 881 673 942 734; x_wconf 81' lang='lat' dir='ltr'><strong>scri.</strong></span> <span class='ocrx_word' id='word_1_16' title='bbox 957 673 1084 734; x_wconf 74' lang='lat' dir='ltr'><strong>rationes</strong></span> <span class='ocrx_word' id='word_1_17' title='bbox 1102 672 1150 733; x_wconf 86' lang='lat' dir='ltr'><strong>vei</strong></span> <span class='ocrx_word' id='word_1_18' title='bbox 1168 693 1232 735; x_wconf 84' lang='lat' dir='ltr'><strong>rem</strong></span> 
     </span>
     <span class='ocr_line' id='line_1_3' title="bbox 71 772 1234 851; baseline 0 -18"><span class='ocrx_word' id='word_1_19' title='bbox 71 772 272 842; x_wconf 76' lang='lat' dir='ltr'>familiarem,</span> <span class='ocrx_word' id='word_1_20' title='bbox 296 772 328 831; x_wconf 89' lang='lat' dir='ltr'><strong>h.</strong></span> <span class='ocrx_word' id='word_1_21' title='bbox 350 792 374 831; x_wconf 85' lang='lat' dir='ltr'><strong>e.</strong></span> <span class='ocrx_word' id='word_1_22' title='bbox 398 792 470 851; x_wconf 85' lang='lat' dir='ltr'><strong>opes</strong></span> <span class='ocrx_word' id='word_1_23' title='bbox 494 773 637 833; x_wconf 77' lang='lat' dir='ltr'><strong>absumsit</strong></span> <span class='ocrx_word' id='word_1_24' title='bbox 661 784 692 834; x_wconf 83' lang='lat' dir='ltr'><strong>et</strong></span> <span class='ocrx_word' id='word_1_25' title='bbox 713 794 753 833; x_wconf 84' lang='lat' dir='ltr'><strong>ses</strong></span> <span class='ocrx_word' id='word_1_26' title='bbox 771 772 900 833; x_wconf 74' lang='lat' dir='ltr'><strong>alienum</strong></span> <span class='ocrx_word' id='word_1_27' title='bbox 923 774 1075 832; x_wconf 76' lang='lat' dir='ltr'>contraxit.</span> <span class='ocrx_word' id='word_1_28' title='bbox 1084 773 1111 810; x_wconf 79' lang='lat'><strong>⁸³</strong></span> <span class='ocrx_word' id='word_1_29' title='bbox 1152 773 1234 833; x_wconf 90' lang='lat' dir='ltr'><strong>Hinc</strong></span> 
     </span>
     <span class='ocr_line' id='line_1_4' title="bbox 71 870 1233 949; baseline 0.001 -21"><span class='ocrx_word' id='word_1_30' title='bbox 71 871 270 931; x_wconf 78' lang='lat' dir='ltr'><strong>conturbator</strong></span> <span class='ocrx_word' id='word_1_31' title='bbox 282 890 353 949; x_wconf 79' lang='lat' dir='ltr'><strong>oper</strong></span> <span class='ocrx_word' id='word_1_32' title='bbox 365 881 401 939; x_wconf 66' lang='lat' dir='ltr'><strong>et,</strong></span> <span class='ocrx_word' id='word_1_33' title='bbox 409 870 538 931; x_wconf 70' lang='lat' dir='ltr'><strong>macelot</strong></span> <span class='ocrx_word' id='word_1_34' title='bbox 551 871 661 931; x_wconf 89' lang='lat' dir='ltr'><strong>dicitur</strong></span> <span class='ocrx_word' id='word_1_35' title='bbox 681 872 808 931; x_wconf 81' lang='lat' dir='ltr'><strong>Murtiol.</strong></span> <span class='ocrx_word' id='word_1_36' title='bbox 826 872 897 945; x_wconf 92' lang='lat' dir='ltr'><strong>VII,</strong></span> <span class='ocrx_word' id='word_1_37' title='bbox 912 872 962 942; x_wconf 79' lang='lat'><strong>26,</strong></span> <span class='ocrx_word' id='word_1_38' title='bbox 979 878 1027 931; x_wconf 85' lang='grc'><strong>10.</strong></span> <span class='ocrx_word' id='word_1_39' title='bbox 1040 882 1071 929; x_wconf 90' lang='lat' dir='ltr'><strong>et</strong></span> <span class='ocrx_word' id='word_1_40' title='bbox 1084 871 1124 940; x_wconf 89' lang='lat' dir='ltr'><strong>X,</strong></span> <span class='ocrx_word' id='word_1_41' title='bbox 1139 870 1189 941; x_wconf 81' lang='lat'><strong>96,</strong></span> <span class='ocrx_word' id='word_1_42' title='bbox 1204 881 1233 941; x_wconf 88' lang='grc'><strong>9.</strong></span> 
     </span>
     <span class='ocr_line' id='line_1_5' title="bbox 72 973 1235 1055; baseline 0.004 -26"><span class='ocrx_word' id='word_1_43' title='bbox 72 973 225 1035; x_wconf 81' lang='lat' dir='ltr'><strong>Verbum</strong></span> <span class='ocrx_word' id='word_1_44' title='bbox 240 992 347 1053; x_wconf 79' lang='lat' dir='ltr'><strong>synon.</strong></span> <span class='ocrx_word' id='word_1_45' title='bbox 360 985 403 1033; x_wconf 84' lang='lat' dir='ltr'><strong>est</strong></span> <span class='ocrx_word' id='word_1_46' title='bbox 415 973 510 1051; x_wconf 61' lang='lat' dir='ltr'><strong>deficit</strong></span> <span class='ocrx_word' id='word_1_47' title='bbox 525 994 565 1035; x_wconf 87' lang='lat' dir='ltr'><strong>sc.</strong></span> <span class='ocrx_word' id='word_1_48' title='bbox 579 995 621 1047; x_wconf 88' lang='lat' dir='ltr'><strong>se,</strong></span> <span class='ocrx_word' id='word_1_49' title='bbox 634 974 664 1033; x_wconf 92' lang='lat' dir='ltr'><strong>h.</strong></span> <span class='ocrx_word' id='word_1_50' title='bbox 679 996 705 1035; x_wconf 90' lang='lat' dir='ltr'><strong>e.</strong></span> <span class='ocrx_word' id='word_1_51' title='bbox 719 974 854 1037; x_wconf 86' lang='lat' dir='ltr'><strong>deficitur</strong></span> <span class='ocrx_word' id='word_1_52' title='bbox 864 976 978 1055; x_wconf 89' lang='lat' dir='ltr'><strong>opibus,</strong></span> <span class='ocrx_word' id='word_1_53' title='bbox 992 974 1073 1033; x_wconf 88' lang='lat' dir='ltr'><strong>unde</strong></span> <span class='ocrx_word' id='word_1_54' title='bbox 1085 975 1168 1052; x_wconf 73' lang='lat' dir='ltr'><strong>defici</strong></span> <span class='ocrx_word' id='word_1_55' title='bbox 1176 974 1235 1053; x_wconf 87' lang='lat' dir='ltr'><strong>so·</strong></span> 
     </span>
     <span class='ocr_line' id='line_1_6' title="bbox 66 1074 1234 1157; baseline 0 -22"><span class='ocrx_word' id='word_1_56' title='bbox 66 1076 251 1146; x_wconf 66' lang='lat' dir='ltr'><strong>muntibm,</strong></span> <span class='ocrx_word' id='word_1_57' title='bbox 273 1094 364 1135; x_wconf 69' lang='lat' dir='ltr'><strong>noum</strong></span> <span class='ocrx_word' id='word_1_58' title='bbox 383 1074 518 1153; x_wconf 65' lang='lat' dir='ltr'><strong>dgl‘eolum</strong></span> <span class='ocrx_word' id='word_1_59' title='bbox 532 1087 563 1136; x_wconf 90' lang='lat' dir='ltr'><strong>et</strong></span> <span class='ocrx_word' id='word_1_60' title='bbox 577 1076 672 1156; x_wconf 88' lang='lat' dir='ltr'><strong>simpl.</strong></span> <span class='ocrx_word' id='word_1_61' title='bbox 694 1078 814 1155; x_wconf 75' lang='lat' dir='ltr'><strong>deficere</strong></span> <span class='ocrx_word' id='word_1_62' title='bbox 830 1077 972 1137; x_wconf 74' lang='lat' dir='ltr'><strong>vocabula</strong></span> <span class='ocrx_word' id='word_1_63' title='bbox 987 1076 1107 1157; x_wconf 75' lang='lat' dir='ltr'><strong>juris.“</strong></span> <span class='ocrx_word' id='word_1_64' title='bbox 1187 1076 1234 1135; x_wconf 76' lang='lat' dir='ltr'><strong>lic</strong></span> 
     </span>
     <span class='ocr_line' id='line_1_7' title="bbox 69 1176 1235 1258; baseline 0.002 -21"><span class='ocrx_word' id='word_1_65' title='bbox 69 1187 125 1237; x_wconf 78' lang='lat' dir='ltr'><strong>est</strong></span> <span class='ocrx_word' id='word_1_66' title='bbox 151 1178 256 1247; x_wconf 69' lang='lat' dir='ltr'><strong>esitus,</strong></span> <span class='ocrx_word' id='word_1_67' title='bbox 275 1176 348 1249; x_wconf 84' lang='lat' dir='ltr'><strong>finis,</strong></span> <span class='ocrx_word' id='word_1_68' title='bbox 369 1190 517 1255; x_wconf 84' lang='lat' dir='ltr'><strong>postrema</strong></span> <span class='ocrx_word' id='word_1_69' title='bbox 537 1197 628 1258; x_wconf 81' lang='lat' dir='ltr'><strong>eaque</strong></span> <span class='ocrx_word' id='word_1_70' title='bbox 647 1178 755 1238; x_wconf 78' lang='lat' dir='ltr'><strong>misera</strong></span> <span class='ocrx_word' id='word_1_71' title='bbox 775 1179 844 1238; x_wconf 83' lang='lat' dir='ltr'><strong>vitae</strong></span> <span class='ocrx_word' id='word_1_72' title='bbox 865 1178 1002 1249; x_wconf 88' lang='lat' dir='ltr'><strong>conditio,</strong></span> <span class='ocrx_word' id='word_1_73' title='bbox 1023 1189 1058 1238; x_wconf 87' lang='lat' dir='ltr'><strong>ut</strong></span> <span class='ocrx_word' id='word_1_74' title='bbox 1070 1198 1183 1258; x_wconf 86' lang='lat' dir='ltr'><strong>puuper</strong></span> <span class='ocrx_word' id='word_1_75' title='bbox 1195 1178 1235 1239; x_wconf 86' lang='lat' dir='ltr'><strong>sit</strong></span> 
     </span>
     <span class='ocr_line' id='line_1_8' title="bbox 69 1279 1235 1361; baseline 0.002 -21"><span class='ocrx_word' id='word_1_76' title='bbox 69 1280 260 1361; x_wconf 73' lang='lat' dir='ltr'>dilapidatis</span> <span class='ocrx_word' id='word_1_77' title='bbox 273 1279 387 1358; x_wconf 88' lang='lat' dir='ltr'><strong>opibus.</strong></span> <span class='ocrx_word' id='word_1_78' title='bbox 429 1279 513 1339; x_wconf 79' lang='lat' dir='ltr'><strong>Cous.</strong></span> <span class='ocrx_word' id='word_1_79' title='bbox 529 1280 585 1348; x_wconf 93' lang='lat' dir='ltr'><strong>XI,</strong></span> <span class='ocrx_word' id='word_1_80' title='bbox 601 1286 651 1340; x_wconf 77' lang='lat'><strong>88.</strong></span> <span class='ocrx_word' id='word_1_81' title='bbox 666 1288 714 1350; x_wconf 85' lang='lat'><strong>89.</strong></span> <span class='ocrx_word' id='word_1_82' title='bbox 757 1281 797 1340; x_wconf 89' lang='lat' dir='ltr'><strong>Et</strong></span> <span class='ocrx_word' id='word_1_83' title='bbox 810 1279 887 1341; x_wconf 79' lang='lat' dir='ltr'><strong>hunc</strong></span> <span class='ocrx_word' id='word_1_84' title='bbox 905 1282 1183 1361; x_wconf 76' lang='lat' dir='ltr'><strong>interpretationem,</strong></span> <span class='ocrx_word' id='word_1_85' title='bbox 1204 1292 1235 1343; x_wconf 81' lang='lat' dir='ltr'><strong>et</strong></span> 
     </span>
     <span class='ocr_line' id='line_1_9' title="bbox 74 1374 1234 1459; baseline 0.003 -21"><span class='ocrx_word' id='word_1_86' title='bbox 74 1378 243 1438; x_wconf 84' lang='lat' dir='ltr'><strong>lectionem</strong></span> <span class='ocrx_word' id='word_1_87' title='bbox 258 1374 340 1454; x_wconf 79' lang='lat' dir='ltr'><strong>vulg.</strong></span> <span class='ocrx_word' id='word_1_88' title='bbox 355 1376 504 1455; x_wconf 80' lang='lat' dir='ltr'><strong>improbat</strong></span> <span class='ocrx_word' id='word_1_89' title='bbox 519 1377 632 1449; x_wconf 78' lang='lat' dir='ltr'><strong>Mauso,</strong></span> <span class='ocrx_word' id='word_1_90' title='bbox 647 1377 711 1437; x_wconf 85' lang='lat' dir='ltr'><strong>hssc</strong></span> <span class='ocrx_word' id='word_1_91' title='bbox 725 1378 899 1456; x_wconf 73' lang='lat' dir='ltr'><strong>disputans:</strong></span> <span class='ocrx_word' id='word_1_92' title='bbox 920 1390 939 1417; x_wconf 88' lang='lat'><strong><em>“</em></strong></span> <span class='ocrx_word' id='word_1_93' title='bbox 954 1381 1044 1441; x_wconf 76' lang='lat' dir='ltr'><strong>Poeto</strong></span> <span class='ocrx_word' id='word_1_94' title='bbox 1056 1391 1234 1459; x_wconf 76' lang='lat' dir='ltr'><strong>nequeunte</strong></span> 
     </span>
     <span class='ocr_line' id='line_1_10' title="bbox 76 1478 1233 1561; baseline 0.002 -20"><span class='ocrx_word' id='word_1_95' title='bbox 76 1500 183 1561; x_wconf 87' lang='lat' dir='ltr'><strong>neque</strong></span> <span class='ocrx_word' id='word_1_96' title='bbox 196 1489 265 1559; x_wconf 85' lang='lat' dir='ltr'><strong>post</strong></span> <span class='ocrx_word' id='word_1_97' title='bbox 277 1478 345 1539; x_wconf 88' lang='lat' dir='ltr'><strong>illos</strong></span> <span class='ocrx_word' id='word_1_98' title='bbox 359 1498 461 1539; x_wconf 79' lang='lat' dir='ltr'><strong>versus</strong></span> <span class='ocrx_word' id='word_1_99' title='bbox 474 1500 514 1538; x_wconf 71' lang='lat' dir='ltr'><strong>res</strong></span> <span class='ocrx_word' id='word_1_100' title='bbox 527 1480 666 1551; x_wconf 85' lang='lat' dir='ltr'><strong>alienum,</strong></span> <span class='ocrx_word' id='word_1_101' title='bbox 677 1480 757 1559; x_wconf 90' lang='lat' dir='ltr'><strong>quod</strong></span> <span class='ocrx_word' id='word_1_102' title='bbox 771 1480 909 1541; x_wconf 76' lang='lat' dir='ltr'><strong>causidici</strong></span> <span class='ocrx_word' id='word_1_103' title='bbox 924 1481 1008 1541; x_wconf 87' lang='lat' dir='ltr'><strong>Rom.</strong></span> <span class='ocrx_word' id='word_1_104' title='bbox 1019 1482 1233 1552; x_wconf 79' lang='lat' dir='ltr'><strong>contraherent,</strong></span> 
     </span>
     <span class='ocr_line' id='line_1_11' title="bbox 77 1580 1234 1663; baseline -0.001 -20"><span class='ocrx_word' id='word_1_105' title='bbox 77 1582 210 1663; x_wconf 79' lang='lat' dir='ltr'><strong>respicit</strong></span> <span class='ocrx_word' id='word_1_106' title='bbox 220 1592 251 1641; x_wconf 86' lang='lat' dir='ltr'><strong>et</strong></span> <span class='ocrx_word' id='word_1_107' title='bbox 263 1580 446 1660; x_wconf 75' lang='lat' dir='ltr'><strong>perstringit,</strong></span> <span class='ocrx_word' id='word_1_108' title='bbox 461 1581 513 1641; x_wconf 90' lang='lat' dir='ltr'><strong>sed</strong></span> <span class='ocrx_word' id='word_1_109' title='bbox 527 1582 558 1641; x_wconf 87' lang='lat' dir='ltr'><strong>id</strong></span> <span class='ocrx_word' id='word_1_110' title='bbox 571 1582 658 1642; x_wconf 91' lang='lat' dir='ltr'><strong>unice</strong></span> <span class='ocrx_word' id='word_1_111' title='bbox 672 1582 744 1661; x_wconf 81' lang='lat' dir='ltr'><strong>agit,</strong></span> <span class='ocrx_word' id='word_1_112' title='bbox 764 1596 799 1641; x_wconf 88' lang='lat' dir='ltr'><strong>ut</strong></span> <span class='ocrx_word' id='word_1_113' title='bbox 818 1592 895 1643; x_wconf 77' lang='lat' dir='ltr'><strong>artes</strong></span> <span class='ocrx_word' id='word_1_114' title='bbox 908 1594 1044 1661; x_wconf 79' lang='lat' dir='ltr'><strong>exponat,</strong></span> <span class='ocrx_word' id='word_1_115' title='bbox 1059 1584 1168 1662; x_wconf 84' lang='lat' dir='ltr'><strong>quibus</strong></span> <span class='ocrx_word' id='word_1_116' title='bbox 1181 1584 1234 1643; x_wconf 84' lang='lat' dir='ltr'><strong>ad-</strong></span> 
     </span>
     <span class='ocr_line' id='line_1_12' title="bbox 79 1678 1232 1757; baseline 0.002 -18"><span class='ocrx_word' id='word_1_117' title='bbox 79 1678 195 1739; x_wconf 89' lang='lat' dir='ltr'><strong>hibitis</strong></span> <span class='ocrx_word' id='word_1_118' title='bbox 212 1678 315 1737; x_wconf 75' lang='lat' dir='ltr'><strong>rivales</strong></span> <span class='ocrx_word' id='word_1_119' title='bbox 336 1698 405 1739; x_wconf 88' lang='lat' dir='ltr'><strong>suos</strong></span> <span class='ocrx_word' id='word_1_120' title='bbox 424 1678 588 1757; x_wconf 79' lang='lat' dir='ltr'><strong>deprimere</strong></span> <span class='ocrx_word' id='word_1_121' title='bbox 602 1690 633 1739; x_wconf 85' lang='lat' dir='ltr'><strong>et</strong></span> <span class='ocrx_word' id='word_1_122' title='bbox 646 1698 748 1739; x_wconf 85' lang='lat' dir='ltr'><strong>eorum</strong></span> <span class='ocrx_word' id='word_1_123' title='bbox 761 1679 874 1740; x_wconf 86' lang='lat' dir='ltr'><strong>reditus</strong></span> <span class='ocrx_word' id='word_1_124' title='bbox 893 1680 1027 1741; x_wconf 79' lang='lat' dir='ltr'><strong>hrinuere</strong></span> <span class='ocrx_word' id='word_1_125' title='bbox 1047 1692 1232 1753; x_wconf 77' lang='lat' dir='ltr'><strong>conarentur,</strong></span> 
     </span>
     <span class='ocr_line' id='line_1_13' title="bbox 82 1780 1234 1863; baseline 0.001 -21"><span class='ocrx_word' id='word_1_126' title='bbox 82 1794 274 1843; x_wconf 86' lang='lat' dir='ltr'><strong>sumtuosum</strong></span> <span class='ocrx_word' id='word_1_127' title='bbox 295 1780 417 1841; x_wconf 74' lang='lat' dir='ltr'><strong>vivendi</strong></span> <span class='ocrx_word' id='word_1_128' title='bbox 435 1802 530 1859; x_wconf 79' lang='lat' dir='ltr'><strong>genus</strong></span> <span class='ocrx_word' id='word_1_129' title='bbox 549 1782 714 1861; x_wconf 87' lang='lat' dir='ltr'><strong>luxumque</strong></span> <span class='ocrx_word' id='word_1_130' title='bbox 727 1783 855 1842; x_wconf 89' lang='lat' dir='ltr'><strong>nimium</strong></span> <span class='ocrx_word' id='word_1_131' title='bbox 867 1793 899 1842; x_wconf 87' lang='lat' dir='ltr'><strong>et</strong></span> <span class='ocrx_word' id='word_1_132' title='bbox 909 1784 949 1843; x_wconf 81' lang='lat' dir='ltr'><strong>ud</strong></span> <span class='ocrx_word' id='word_1_133' title='bbox 970 1784 1089 1863; x_wconf 80' lang='lat' dir='ltr'><strong>ingenis</strong></span> <span class='ocrx_word' id='word_1_134' title='bbox 1104 1782 1234 1844; x_wconf 73' lang='lat' dir='ltr'><strong>fallendo</strong></span> 
     </span>
     <span class='ocr_line' id='line_1_14' title="bbox 80 1880 1235 1963; baseline 0.001 -20"><span class='ocrx_word' id='word_1_135' title='bbox 80 1884 293 1963; x_wconf 83' lang='lat' dir='ltr'><strong>compositum.</strong></span> <span class='ocrx_word' id='word_1_136' title='bbox 334 1880 493 1941; x_wconf 83' lang='lat' dir='ltr'><strong>verissima</strong></span> <span class='ocrx_word' id='word_1_137' title='bbox 513 1893 557 1941; x_wconf 88' lang='lat' dir='ltr'><strong>est</strong></span> <span class='ocrx_word' id='word_1_138' title='bbox 577 1882 745 1961; x_wconf 85' lang='lat' dir='ltr'><strong>conjecturs</strong></span> <span class='ocrx_word' id='word_1_139' title='bbox 767 1884 889 1955; x_wconf 90' lang='lat' dir='ltr'><strong>Lubini,</strong></span> <span class='ocrx_word' id='word_1_140' title='bbox 909 1903 965 1962; x_wconf 92' lang='lat' dir='ltr'><strong>pro</strong></span> <span class='ocrx_word' id='word_1_141' title='bbox 977 1885 1072 1963; x_wconf 66' lang='lat' dir='ltr'><strong>daficil</strong></span> <span class='ocrx_word' id='word_1_142' title='bbox 1085 1884 1235 1945; x_wconf 77' lang='lat' dir='ltr'><strong>suadentis</strong></span> 
     </span>
     <span class='ocr_line' id='line_1_15' title="bbox 82 1968 1235 2062; baseline 0.002 -21"><span class='ocrx_word' id='word_1_143' title='bbox 82 1982 192 2061; x_wconf 64' lang='lat' dir='ltr'><strong>dejicit,</strong></span> <span class='ocrx_word' id='word_1_144' title='bbox 206 1980 359 2059; x_wconf 84' lang='lat' dir='ltr'><strong>longeque</strong></span> <span class='ocrx_word' id='word_1_145' title='bbox 374 1978 413 2038; x_wconf 82' lang='lat' dir='ltr'><strong>ad</strong></span> <span class='ocrx_word' id='word_1_146' title='bbox 425 1979 516 2039; x_wconf 89' lang='lat' dir='ltr'><strong>totius</strong></span> <span class='ocrx_word' id='word_1_147' title='bbox 528 1968 585 2040; x_wconf 87' lang='lat' dir='ltr'><strong>loci</strong></span> <span class='ocrx_word' id='word_1_148' title='bbox 600 2000 709 2041; x_wconf 85' lang='lat' dir='ltr'><strong>nexum</strong></span> <span class='ocrx_word' id='word_1_149' title='bbox 724 1992 754 2041; x_wconf 90' lang='lat' dir='ltr'><strong>et</strong></span> <span class='ocrx_word' id='word_1_150' title='bbox 767 2002 886 2041; x_wconf 86' lang='lat' dir='ltr'><strong>sensum</strong></span> <span class='ocrx_word' id='word_1_151' title='bbox 899 1982 1049 2061; x_wconf 78' lang='lat' dir='ltr'><strong>aptissimo</strong></span> <span class='ocrx_word' id='word_1_152' title='bbox 1061 1983 1235 2062; x_wconf 79' lang='lat' dir='ltr'><strong>iuterpreta-</strong></span> 
     </span>
     <span class='ocr_line' id='line_1_16' title="bbox 83 2077 1236 2163; baseline 0.001 -19"><span class='ocrx_word' id='word_1_153' title='bbox 83 2086 128 2145; x_wconf 89' lang='lat' dir='ltr'><strong>tio</strong></span> <span class='ocrx_word' id='word_1_154' title='bbox 139 2084 225 2145; x_wconf 80' lang='lat' dir='ltr'><strong>hoec:</strong></span> <span class='ocrx_word' id='word_1_155' title='bbox 249 2082 362 2142; x_wconf 88' lang='lat' dir='ltr'><strong>Iisdem</strong></span> <span class='ocrx_word' id='word_1_156' title='bbox 383 2082 504 2153; x_wconf 77' lang='lat' dir='ltr'><strong>artibus,</strong></span> <span class='ocrx_word' id='word_1_157' title='bbox 525 2083 635 2162; x_wconf 88' lang='lat' dir='ltr'><strong>quibus</strong></span> <span class='ocrx_word' id='word_1_158' title='bbox 648 2084 687 2143; x_wconf 82' lang='lat' dir='ltr'><strong>ad</strong></span> <span class='ocrx_word' id='word_1_159' title='bbox 701 2083 850 2144; x_wconf 70' lang='lat' dir='ltr'><strong>tenuiores</strong></span> <span class='ocrx_word' id='word_1_160' title='bbox 863 2077 1016 2143; x_wconf 74' lang='lat' dir='ltr'><strong>cuusaruru</strong></span> <span class='ocrx_word' id='word_1_161' title='bbox 1034 2100 1171 2163; x_wconf 76' lang='lat' dir='ltr'><strong>patronos</strong></span> <span class='ocrx_word' id='word_1_162' title='bbox 1184 2086 1236 2145; x_wconf 90' lang='lat' dir='ltr'><strong>de·</strong></span> 
     </span>
     <span class='ocr_line' id='line_1_17' title="bbox 84 2182 1237 2261; baseline 0.001 -19"><span class='ocrx_word' id='word_1_163' title='bbox 84 2182 242 2245; x_wconf 74' lang='lat' dir='ltr'><strong>bellundos</strong></span> <span class='ocrx_word' id='word_1_164' title='bbox 255 2182 395 2243; x_wconf 85' lang='lat' dir='ltr'><strong>AEmilius</strong></span> <span class='ocrx_word' id='word_1_165' title='bbox 408 2182 510 2253; x_wconf 89' lang='lat' dir='ltr'><strong>utitur,</strong></span> <span class='ocrx_word' id='word_1_166' title='bbox 531 2182 610 2247; x_wconf 84' lang='lat' dir='ltr'><strong>Pedo</strong></span> <span class='ocrx_word' id='word_1_167' title='bbox 622 2202 673 2241; x_wconf 86' lang='lat' dir='ltr'><strong>sos</strong></span> <span class='ocrx_word' id='word_1_168' title='bbox 686 2182 831 2241; x_wconf 79' lang='lat' dir='ltr'><strong>conturbat</strong></span> <span class='ocrx_word' id='word_1_169' title='bbox 849 2182 880 2241; x_wconf 92' lang='lat' dir='ltr'><strong>h.</strong></span> <span class='ocrx_word' id='word_1_170' title='bbox 895 2203 921 2242; x_wconf 86' lang='lat' dir='ltr'><strong>e.</strong></span> <span class='ocrx_word' id='word_1_171' title='bbox 935 2183 1077 2261; x_wconf 84' lang='lat' dir='ltr'><strong>pervertit</strong></span> <span class='ocrx_word' id='word_1_172' title='bbox 1091 2196 1121 2243; x_wconf 87' lang='lat' dir='ltr'><strong>et</strong></span> <span class='ocrx_word' id='word_1_173' title='bbox 1133 2184 1237 2243; x_wconf 81' lang='lat' dir='ltr'><strong>Mallo</strong></span> 
     </span>
     <span class='ocr_line' id='line_1_18' title="bbox 86 2281 1237 2362; baseline -0.001 -20"><span class='ocrx_word' id='word_1_174' title='bbox 86 2282 191 2362; x_wconf 68' lang='lat' dir='ltr'><strong>dejico</strong></span> <span class='ocrx_word' id='word_1_175' title='bbox 203 2283 232 2341; x_wconf 87' lang='lat' dir='ltr'><strong>h.</strong></span> <span class='ocrx_word' id='word_1_176' title='bbox 244 2303 268 2342; x_wconf 85' lang='lat' dir='ltr'><strong>e.</strong></span> <span class='ocrx_word' id='word_1_177' title='bbox 282 2282 398 2353; x_wconf 80' lang='lat' dir='ltr'><strong>vincit3</strong></span> <span class='ocrx_word' id='word_1_178' title='bbox 412 2301 467 2341; x_wconf 85' lang='lat' dir='ltr'><strong>nec</strong></span> <span class='ocrx_word' id='word_1_179' title='bbox 479 2281 571 2342; x_wconf 77' lang='lat' dir='ltr'><strong>elium</strong></span> <span class='ocrx_word' id='word_1_180' title='bbox 584 2282 687 2341; x_wconf 78' lang='lat' dir='ltr'><strong>ruitum</strong></span> <span class='ocrx_word' id='word_1_181' title='bbox 701 2282 763 2342; x_wconf 84' lang='lat' dir='ltr'><strong>sive</strong></span> <span class='ocrx_word' id='word_1_182' title='bbox 776 2281 866 2342; x_wconf 85' lang='lat' dir='ltr'><strong>finem</strong></span> <span class='ocrx_word' id='word_1_183' title='bbox 883 2281 1037 2361; x_wconf 73' lang='lat' dir='ltr'><strong>Tongilius,</strong></span> <span class='ocrx_word' id='word_1_184' title='bbox 1051 2302 1120 2343; x_wconf 89' lang='lat' dir='ltr'><strong>cum</strong></span> <span class='ocrx_word' id='word_1_185' title='bbox 1134 2302 1237 2361; x_wconf 85' lang='lat' dir='ltr'><strong>super·</strong></span> 
     </span>
     <span class='ocr_line' id='line_1_19' title="bbox 86 2385 1236 2467; baseline 0 -20"><span class='ocrx_word' id='word_1_186' title='bbox 86 2390 142 2447; x_wconf 83' lang='lat' dir='ltr'><strong>bis</strong></span> <span class='ocrx_word' id='word_1_187' title='bbox 154 2400 186 2448; x_wconf 85' lang='lat' dir='ltr'><strong>et</strong></span> <span class='ocrx_word' id='word_1_188' title='bbox 198 2386 415 2467; x_wconf 77' lang='lat' dir='ltr'><strong>magnificentie</strong></span> <span class='ocrx_word' id='word_1_189' title='bbox 427 2407 481 2467; x_wconf 87' lang='lat' dir='ltr'><strong>per</strong></span> <span class='ocrx_word' id='word_1_190' title='bbox 494 2386 650 2449; x_wconf 87' lang='lat' dir='ltr'><strong>hominum</strong></span> <span class='ocrx_word' id='word_1_191' title='bbox 662 2406 714 2445; x_wconf 84' lang='lat' dir='ltr'><strong>ors</strong></span> <span class='ocrx_word' id='word_1_192' title='bbox 726 2385 875 2457; x_wconf 85' lang='lat' dir='ltr'><strong>incedens,</strong></span> <span class='ocrx_word' id='word_1_193' title='bbox 896 2386 980 2465; x_wconf 86' lang='lat' dir='ltr'><strong>petit,</strong></span> <span class='ocrx_word' id='word_1_194' title='bbox 995 2406 1085 2465; x_wconf 81' lang='lat' dir='ltr'><strong>quom</strong></span> <span class='ocrx_word' id='word_1_195' title='bbox 1098 2398 1133 2447; x_wconf 89' lang='lat' dir='ltr'><strong>ut</strong></span> <span class='ocrx_word' id='word_1_196' title='bbox 1145 2408 1236 2449; x_wconf 82' lang='lat' dir='ltr'><strong>ormu-</strong></span> 
     </span>
     <span class='ocr_line' id='line_1_20' title="bbox 85 2487 1316 2571; baseline 0 -20"><span class='ocrx_word' id='word_1_197' title='bbox 85 2493 134 2551; x_wconf 91' lang='lat' dir='ltr'><strong>Ios</strong></span> <span class='ocrx_word' id='word_1_198' title='bbox 148 2490 322 2571; x_wconf 75' lang='lat' dir='ltr'><strong>supplantet</strong></span> <span class='ocrx_word' id='word_1_199' title='bbox 335 2488 473 2569; x_wconf 83' lang='lat' dir='ltr'><strong>solusque</strong></span> <span class='ocrx_word' id='word_1_200' title='bbox 487 2488 518 2549; x_wconf 89' lang='lat' dir='ltr'><strong>in</strong></span> <span class='ocrx_word' id='word_1_201' title='bbox 531 2490 596 2549; x_wconf 85' lang='lat' dir='ltr'><strong>foro</strong></span> <span class='ocrx_word' id='word_1_202' title='bbox 610 2490 741 2568; x_wconf 82' lang='lat' dir='ltr'><strong>regnet.&#39;&#39;</strong></span> <span class='ocrx_word' id='word_1_203' title='bbox 782 2489 842 2549; x_wconf 87' lang='lat' dir='ltr'><strong>Sed</strong></span> <span class='ocrx_word' id='word_1_204' title='bbox 854 2499 961 2550; x_wconf 74' lang='lat' dir='ltr'><strong>nostre</strong></span> <span class='ocrx_word' id='word_1_205' title='bbox 974 2487 1126 2551; x_wconf 70' lang='lat' dir='ltr'><strong>sententiis</strong></span> <span class='ocrx_word' id='word_1_206' title='bbox 1137 2490 1238 2551; x_wconf 79' lang='lat' dir='ltr'><strong>forent</strong></span> <span class='ocrx_word' id='word_1_207' title='bbox 1311 2551 1316 2561; x_wconf 75' lang='grc'>,</span> 
     </span>
     <span class='ocr_line' id='line_1_21' title="bbox 84 2571 1237 2670; baseline 0 -18"><span class='ocrx_word' id='word_1_208' title='bbox 84 2604 154 2652; x_wconf 89' lang='lat' dir='ltr'><strong>tum</strong></span> <span class='ocrx_word' id='word_1_209' title='bbox 167 2613 198 2652; x_wconf 86' lang='lat' dir='ltr'><strong>v.</strong></span> <span class='ocrx_word' id='word_1_210' title='bbox 218 2598 276 2652; x_wconf 83' lang='grc'><strong>135</strong></span> <span class='ocrx_word' id='word_1_211' title='bbox 291 2610 352 2670; x_wconf 84' lang='lat' dir='ltr'><strong>seq.</strong></span> <span class='ocrx_word' id='word_1_212' title='bbox 366 2602 397 2651; x_wconf 88' lang='lat' dir='ltr'><strong>et</strong></span> <span class='ocrx_word' id='word_1_213' title='bbox 416 2591 551 2650; x_wconf 79' lang='lat' dir='ltr'><strong>conducto</strong></span> <span class='ocrx_word' id='word_1_214' title='bbox 570 2611 589 2651; x_wconf 81' lang='lat' dir='ltr'><strong>s</strong></span> <span class='ocrx_word' id='word_1_215' title='bbox 609 2588 702 2662; x_wconf 84' lang='lat' dir='ltr'><strong>Paulo</strong></span> <span class='ocrx_word' id='word_1_216' title='bbox 715 2588 860 2670; x_wconf 67' lang='lat' dir='ltr'><strong>sardonyx</strong></span> <span class='ocrx_word' id='word_1_217' title='bbox 873 2609 902 2649; x_wconf 86' lang='lat' dir='ltr'><strong>v.</strong></span> <span class='ocrx_word' id='word_1_218' title='bbox 919 2595 986 2652; x_wconf 80' lang='lat'>148.</span> <span class='ocrx_word' id='word_1_219' title='bbox 1007 2571 1073 2650; x_wconf 69' lang='lat' dir='ltr'><strong>tum&#39;</strong></span> <span class='ocrx_word' id='word_1_220' title='bbox 1086 2600 1186 2651; x_wconf 77' lang='lat' dir='ltr'><strong>nouo</strong></span> <span class='ocrx_word' id='word_1_221' title='bbox 1198 2591 1237 2652; x_wconf 80' lang='lat' dir='ltr'><strong>ed</strong></span> 
     </span>
     <span class='ocr_line' id='line_1_22' title="bbox 85 2689 1237 2771; baseline -0.002 -20"><span class='ocrx_word' id='word_1_222' title='bbox 85 2695 115 2763; x_wconf 91' lang='lat'><strong>1,</strong></span> <span class='ocrx_word' id='word_1_223' title='bbox 132 2700 186 2752; x_wconf 74' lang='lat'><strong>32.</strong></span> <span class='ocrx_word' id='word_1_224' title='bbox 220 2691 263 2750; x_wconf 87' lang='lat' dir='ltr'><strong>Et</strong></span> <span class='ocrx_word' id='word_1_225' title='bbox 275 2691 340 2770; x_wconf 84' lang='lat' dir='ltr'><strong>quis</strong></span> <span class='ocrx_word' id='word_1_226' title='bbox 353 2711 494 2770; x_wconf 81' lang='lat' dir='ltr'><strong>umquam</strong></span> <span class='ocrx_word' id='word_1_227' title='bbox 508 2689 560 2749; x_wconf 93' lang='lat' dir='ltr'><strong>illo</strong></span> <span class='ocrx_word' id='word_1_228' title='bbox 574 2709 661 2750; x_wconf 84' lang='lat' dir='ltr'><strong>seusu</strong></span> <span class='ocrx_word' id='word_1_229' title='bbox 675 2690 751 2751; x_wconf 79' lang='lat' dir='ltr'><strong>dixit</strong></span> <span class='ocrx_word' id='word_1_230' title='bbox 763 2691 876 2760; x_wconf 75' lang='lat' dir='ltr'><strong>coitum,</strong></span> <span class='ocrx_word' id='word_1_231' title='bbox 890 2699 925 2749; x_wconf 91' lang='lat' dir='ltr'><strong>ut</strong></span> <span class='ocrx_word' id='word_1_232' title='bbox 938 2689 975 2749; x_wconf 87' lang='lat' dir='ltr'><strong>sit</strong></span> <span class='ocrx_word' id='word_1_233' title='bbox 989 2689 1154 2760; x_wconf 86' lang='lat' dir='ltr'><strong>consilium,</strong></span> <span class='ocrx_word' id='word_1_234' title='bbox 1167 2711 1237 2771; x_wconf 88' lang='lat' dir='ltr'><strong>pro-</strong></span> 
     </span>
     <span class='ocr_line' id='line_1_23' title="bbox 84 2790 1237 2873; baseline 0.003 -23"><span class='ocrx_word' id='word_1_235' title='bbox 84 2793 253 2873; x_wconf 79' lang='lat' dir='ltr'><strong>positum?</strong></span> <span class='ocrx_word' id='word_1_236' title='bbox 293 2791 417 2869; x_wconf 81' lang='lat' dir='ltr'><strong>Eofinir</strong></span> <span class='ocrx_word' id='word_1_237' title='bbox 430 2791 588 2852; x_wconf 80' lang='lat' dir='ltr'><strong>adhibetur</strong></span> <span class='ocrx_word' id='word_1_238' title='bbox 600 2790 718 2870; x_wconf 73' lang='lat' dir='ltr'><strong>possib,</strong></span> <span class='ocrx_word' id='word_1_239' title='bbox 733 2801 923 2870; x_wconf 75' lang='lat' dir='ltr'><strong>utnusquam</strong></span> <span class='ocrx_word' id='word_1_240' title='bbox 936 2790 1033 2852; x_wconf 73' lang='lat' dir='ltr'><strong>ailus.</strong></span> <span class='ocrx_word' id='word_1_241' title='bbox 1073 2792 1237 2854; x_wconf 69' lang='lat' dir='ltr'><strong>Molliorem</strong></span> 
     </span>
     <span class='ocr_line' id='line_1_24' title="bbox 85 2893 1300 2974; baseline 0 -18"><span class='ocrx_word' id='word_1_242' title='bbox 85 2917 168 2956; x_wconf 89' lang='lat' dir='ltr'><strong>vero</strong></span> <span class='ocrx_word' id='word_1_243' title='bbox 191 2894 364 2956; x_wconf 71' lang='lat' dir='ltr'><strong>ditissimus</strong></span> <span class='ocrx_word' id='word_1_244' title='bbox 387 2895 486 2965; x_wconf 73' lang='lat' dir='ltr'><strong>nisse,</strong></span> <span class='ocrx_word' id='word_1_245' title='bbox 508 2895 644 2956; x_wconf 87' lang='lat' dir='ltr'><strong>Lubiuus</strong></span> <span class='ocrx_word' id='word_1_246' title='bbox 664 2901 821 2974; x_wconf 72' lang='lat' dir='ltr'><strong>perperam</strong></span> <span class='ocrx_word' id='word_1_247' title='bbox 840 2893 961 2972; x_wconf 83' lang='lat' dir='ltr'><strong>collegit</strong></span> <span class='ocrx_word' id='word_1_248' title='bbox 978 2913 1015 2952; x_wconf 86' lang='lat' dir='ltr'><strong>er</strong></span> <span class='ocrx_word' id='word_1_249' title='bbox 1036 2893 1062 2964; x_wconf 98' lang='grc' dir='ltr'><strong>Ι,</strong></span> <span class='ocrx_word' id='word_1_250' title='bbox 1076 2902 1125 2954; x_wconf 78' lang='lat'><strong>32.</strong></span> <span class='ocrx_word' id='word_1_251' title='bbox 1169 2903 1237 2956; x_wconf 79' lang='grc'><strong>180.</strong></span> <span class='ocrx_word' id='word_1_252' title='bbox 1293 2907 1300 2919; x_wconf 72' lang='grc'><em>“</em></span> 
     </span>
     <span class='ocr_line' id='line_1_25' title="bbox 89 2994 1237 3076; baseline -0.004 -18"><span class='ocrx_word' id='word_1_253' title='bbox 89 2995 247 3076; x_wconf 78' lang='lat' dir='ltr'><strong>Toogr&#39;llus</strong></span> <span class='ocrx_word' id='word_1_254' title='bbox 257 2996 332 3056; x_wconf 80' lang='lat' dir='ltr'><strong>forte</strong></span> <span class='ocrx_word' id='word_1_255' title='bbox 346 2996 434 3065; x_wconf 87' lang='lat' dir='ltr'><strong>idem,</strong></span> <span class='ocrx_word' id='word_1_256' title='bbox 449 2996 535 3076; x_wconf 88' lang='lat' dir='ltr'><strong>cujus</strong></span> <span class='ocrx_word' id='word_1_257' title='bbox 547 2995 649 3074; x_wconf 79' lang='lat' dir='ltr'><strong>guium</strong></span> <span class='ocrx_word' id='word_1_258' title='bbox 662 3005 693 3054; x_wconf 89' lang='lat' dir='ltr'><strong>et</strong></span> <span class='ocrx_word' id='word_1_259' title='bbox 705 2995 853 3056; x_wconf 86' lang='lat' dir='ltr'><strong>luxuriem</strong></span> <span class='ocrx_word' id='word_1_260' title='bbox 865 2994 1038 3075; x_wconf 74' lang='lat' dir='ltr'><strong>perstringit</strong></span> <span class='ocrx_word' id='word_1_261' title='bbox 1051 2994 1181 3054; x_wconf 80' lang='lat' dir='ltr'><strong>Martiul.</strong></span> <span class='ocrx_word' id='word_1_262' title='bbox 1193 2996 1237 3067; x_wconf 91' lang='lat'><strong>11,</strong></span> 
     </span>
     <span class='ocr_line' id='line_1_26' title="bbox 86 3093 1238 3175; baseline -0.002 -19"><span class='ocrx_word' id='word_1_263' title='bbox 86 3105 138 3157; x_wconf 77' lang='lat'><strong>40.</strong></span> <span class='ocrx_word' id='word_1_264' title='bbox 159 3097 215 3157; x_wconf 92' lang='lat' dir='ltr'><strong>ubi</strong></span> <span class='ocrx_word' id='word_1_265' title='bbox 236 3107 335 3156; x_wconf 78' lang='lat' dir='ltr'><strong>tamen</strong></span> <span class='ocrx_word' id='word_1_266' title='bbox 349 3096 379 3154; x_wconf 89' lang='lat' dir='ltr'><strong>in</strong></span> <span class='ocrx_word' id='word_1_267' title='bbox 393 3094 542 3175; x_wconf 88' lang='lat' dir='ltr'><strong>plerisque</strong></span> <span class='ocrx_word' id='word_1_268' title='bbox 557 3094 639 3154; x_wconf 84' lang='lat' dir='ltr'><strong>libris</strong></span> <span class='ocrx_word' id='word_1_269' title='bbox 657 3094 804 3174; x_wconf 79' lang='lat' dir='ltr'><strong>Tongilius</strong></span> <span class='ocrx_word' id='word_1_270' title='bbox 823 3095 954 3173; x_wconf 79' lang='lat' dir='ltr'><strong>legitur3</strong></span> <span class='ocrx_word' id='word_1_271' title='bbox 974 3093 1055 3154; x_wconf 87' lang='lat' dir='ltr'><strong>unde</strong></span> <span class='ocrx_word' id='word_1_272' title='bbox 1073 3093 1104 3152; x_wconf 90' lang='lat' dir='ltr'><strong>h.</strong></span> <span class='ocrx_word' id='word_1_273' title='bbox 1117 3093 1137 3151; x_wconf 97' lang='grc' dir='ltr'><strong>Ι.</strong></span> <span class='ocrx_word' id='word_1_274' title='bbox 1163 3095 1238 3154; x_wconf 79' lang='lat' dir='ltr'><strong>Tos-</strong></span> 
     </span>
     <span class='ocr_line' id='line_1_27' title="bbox 84 3192 1301 3276; baseline 0 -22"><span class='ocrx_word' id='word_1_275' title='bbox 84 3196 153 3276; x_wconf 82' lang='lat' dir='ltr'><strong>gilii</strong></span> <span class='ocrx_word' id='word_1_276' title='bbox 166 3195 373 3275; x_wconf 85' lang='lat' dir='ltr'><strong>reponendum</strong></span> <span class='ocrx_word' id='word_1_277' title='bbox 389 3213 451 3254; x_wconf 85' lang='lat' dir='ltr'><strong>esse</strong></span> <span class='ocrx_word' id='word_1_278' title='bbox 462 3192 607 3274; x_wconf 76' lang='lat' dir='ltr'><strong>suspicari</strong></span> <span class='ocrx_word' id='word_1_279' title='bbox 620 3194 722 3273; x_wconf 89' lang='lat' dir='ltr'><strong>possis.</strong></span> <span class='ocrx_word' id='word_1_280' title='bbox 1297 3258 1301 3266; x_wconf 61' lang='grc'>,</span> 
     </span>
     <span class='ocr_line' id='line_1_28' title="bbox 134 3291 1239 3372; baseline 0.001 -19"><span class='ocrx_word' id='word_1_281' title='bbox 134 3301 306 3354; x_wconf 81' lang='grc'><strong>130-133.</strong></span> <span class='ocrx_word' id='word_1_282' title='bbox 327 3293 403 3354; x_wconf 84' lang='lat' dir='ltr'><strong>Haec</strong></span> <span class='ocrx_word' id='word_1_283' title='bbox 417 3303 551 3372; x_wconf 80' lang='lat' dir='ltr'><strong>spectant</strong></span> <span class='ocrx_word' id='word_1_284' title='bbox 564 3293 602 3352; x_wconf 83' lang='lat' dir='ltr'><strong>ud</strong></span> <span class='ocrx_word' id='word_1_285' title='bbox 615 3291 720 3352; x_wconf 88' lang='lat' dir='ltr'><strong>luxum</strong></span> <span class='ocrx_word' id='word_1_286' title='bbox 733 3291 870 3363; x_wconf 81' lang='lat' dir='ltr'><strong>hominis,</strong></span> <span class='ocrx_word' id='word_1_287' title='bbox 892 3292 1056 3353; x_wconf 74' lang='lat' dir='ltr'><strong>simulantis</strong></span> <span class='ocrx_word' id='word_1_288' title='bbox 1070 3312 1102 3352; x_wconf 85' lang='lat' dir='ltr'><strong>se</strong></span> <span class='ocrx_word' id='word_1_289' title='bbox 1116 3291 1239 3354; x_wconf 81' lang='lat' dir='ltr'><strong>divitem</strong></span> 
     </span>
     <span class='ocr_line' id='line_1_29' title="bbox 90 3391 1240 3477; baseline 0.001 -19"><span class='ocrx_word' id='word_1_290' title='bbox 90 3418 161 3458; x_wconf 82' lang='lat' dir='ltr'><strong>esse</strong></span> <span class='ocrx_word' id='word_1_291' title='bbox 182 3411 211 3458; x_wconf 86' lang='lat' dir='ltr'><strong>et</strong></span> <span class='ocrx_word' id='word_1_292' title='bbox 227 3397 338 3477; x_wconf 90' lang='lat' dir='ltr'><strong>populo</strong></span> <span class='ocrx_word' id='word_1_293' title='bbox 358 3417 421 3458; x_wconf 85' lang='lat' dir='ltr'><strong>sese</strong></span> <span class='ocrx_word' id='word_1_294' title='bbox 440 3391 627 3457; x_wconf 79' lang='lat' dir='ltr'><strong>venditontis.</strong></span> <span class='ocrx_word' id='word_1_295' title='bbox 712 3396 891 3465; x_wconf 76' lang='lat' dir='ltr'><strong>rhinocerote,</strong></span> <span class='ocrx_word' id='word_1_296' title='bbox 912 3414 981 3454; x_wconf 79' lang='lat' dir='ltr'><strong>vase</strong></span> <span class='ocrx_word' id='word_1_297' title='bbox 995 3396 1190 3473; x_wconf 74' lang='lat' dir='ltr'><strong>unguentario</strong></span> <span class='ocrx_word' id='word_1_298' title='bbox 1208 3409 1240 3459; x_wconf 93' lang='lat' dir='ltr'><strong>et</strong></span> 
     </span>
     <span class='ocr_line' id='line_1_30' title="bbox 91 3490 1238 3575; baseline 0.003 -20"><span class='ocrx_word' id='word_1_299' title='bbox 91 3515 216 3565; x_wconf 87' lang='lat' dir='ltr'><strong>comeo,</strong></span> <span class='ocrx_word' id='word_1_300' title='bbox 228 3515 245 3554; x_wconf 85' lang='lat' dir='ltr'><strong>e</strong></span> <span class='ocrx_word' id='word_1_301' title='bbox 255 3515 326 3556; x_wconf 83' lang='lat' dir='ltr'><strong>nuso</strong></span> <span class='ocrx_word' id='word_1_302' title='bbox 339 3495 540 3567; x_wconf 82' lang='lat' dir='ltr'><strong>rhinocerotis,</strong></span> <span class='ocrx_word' id='word_1_303' title='bbox 560 3506 596 3555; x_wconf 90' lang='lat' dir='ltr'><strong>ut</strong></span> <span class='ocrx_word' id='word_1_304' title='bbox 614 3516 661 3575; x_wconf 81' lang='lat' dir='ltr'><strong>sp.</strong></span> <span class='ocrx_word' id='word_1_305' title='bbox 683 3494 813 3556; x_wconf 80' lang='lat' dir='ltr'><strong>Martiul.</strong></span> <span class='ocrx_word' id='word_1_306' title='bbox 828 3490 914 3564; x_wconf 89' lang='lat' dir='ltr'><strong>XIV,</strong></span> <span class='ocrx_word' id='word_1_307' title='bbox 929 3501 978 3554; x_wconf 79' lang='lat'><strong>52.</strong></span> <span class='ocrx_word' id='word_1_308' title='bbox 990 3505 1021 3554; x_wconf 90' lang='lat' dir='ltr'><strong>et</strong></span> <span class='ocrx_word' id='word_1_309' title='bbox 1036 3502 1084 3556; x_wconf 82' lang='lat'><strong>53.</strong></span> <span class='ocrx_word' id='word_1_310' title='bbox 1098 3496 1154 3558; x_wconf 90' lang='lat' dir='ltr'><strong>nisi</strong></span> <span class='ocrx_word' id='word_1_311' title='bbox 1168 3516 1238 3558; x_wconf 89' lang='lat' dir='ltr'><strong>cum</strong></span> 
     </span>
     <span class='ocr_line' id='line_1_31' title="bbox 88 3591 1240 3676; baseline 0.003 -22"><span class='ocrx_word' id='word_1_312' title='bbox 88 3609 154 3655; x_wconf 82' lang='lat' dir='ltr'><strong>vet.</strong></span> <span class='ocrx_word' id='word_1_313' title='bbox 168 3595 264 3654; x_wconf 88' lang='lat' dir='ltr'><strong>Schol.</strong></span> <span class='ocrx_word' id='word_1_314' title='bbox 278 3596 465 3676; x_wconf 77' lang='lat' dir='ltr'><strong>interpretari</strong></span> <span class='ocrx_word' id='word_1_315' title='bbox 479 3594 562 3656; x_wconf 80' lang='lat' dir='ltr'><strong>mulis</strong></span> <span class='ocrx_word' id='word_1_316' title='bbox 573 3617 587 3656; x_wconf 61' lang='lat' dir='ltr'><strong>rv</strong></span> <span class='ocrx_word' id='word_1_317' title='bbox 597 3613 707 3674; x_wconf 73' lang='lat' dir='ltr'><strong>magno</strong></span> <span class='ocrx_word' id='word_1_318' title='bbox 720 3604 817 3672; x_wconf 81' lang='lat' dir='ltr'><strong>guttc,</strong></span> <span class='ocrx_word' id='word_1_319' title='bbox 830 3593 894 3671; x_wconf 85' lang='lat' dir='ltr'><strong>qui,</strong></span> <span class='ocrx_word' id='word_1_320' title='bbox 908 3591 985 3652; x_wconf 90' lang='lat' dir='ltr'><strong>sicut</strong></span> <span class='ocrx_word' id='word_1_321' title='bbox 994 3592 1174 3670; x_wconf 85' lang='lat' dir='ltr'><strong>rhinoceros,</strong></span> <span class='ocrx_word' id='word_1_322' title='bbox 1194 3598 1240 3657; x_wconf 91' lang='lat' dir='ltr'><strong>in·</strong></span> 
     </span>
     <span class='ocr_line' id='line_1_32' title="bbox 89 3696 1240 3777; baseline 0 -19"><span class='ocrx_word' id='word_1_323' title='bbox 89 3697 197 3776; x_wconf 83' lang='lat' dir='ltr'><strong>gentis</strong></span> <span class='ocrx_word' id='word_1_324' title='bbox 210 3711 254 3758; x_wconf 84' lang='lat' dir='ltr'><strong>est</strong></span> <span class='ocrx_word' id='word_1_325' title='bbox 265 3699 338 3758; x_wconf 81' lang='lat' dir='ltr'><strong>nasi.</strong></span> <span class='ocrx_word' id='word_1_326' title='bbox 348 3700 373 3736; x_wconf 79' lang='lat'><strong>⁵⁵</strong></span> <span class='ocrx_word' id='word_1_327' title='bbox 417 3705 483 3758; x_wconf 84' lang='lat'>131.</span> <span class='ocrx_word' id='word_1_328' title='bbox 499 3705 581 3756; x_wconf 80' lang='lat' dir='ltr'><strong>verul</strong></span> <span class='ocrx_word' id='word_1_329' title='bbox 595 3696 706 3766; x_wconf 76' lang='lat' dir='ltr'><strong>balneo,</strong></span> <span class='ocrx_word' id='word_1_330' title='bbox 722 3697 899 3774; x_wconf 75' lang='lat' dir='ltr'><strong>frequentet,</strong></span> <span class='ocrx_word' id='word_1_331' title='bbox 911 3706 945 3755; x_wconf 88' lang='lat' dir='ltr'><strong>ut</strong></span> <span class='ocrx_word' id='word_1_332' title='bbox 954 3696 979 3767; x_wconf 94' lang='lat' dir='ltr'><strong>I,</strong></span> <span class='ocrx_word' id='word_1_333' title='bbox 994 3704 1060 3756; x_wconf 88' lang='grc'><strong>100.</strong></span> <span class='ocrx_word' id='word_1_334' title='bbox 1070 3698 1117 3756; x_wconf 90' lang='lat' dir='ltr'><strong>vel</strong></span> <span class='ocrx_word' id='word_1_335' title='bbox 1131 3699 1240 3777; x_wconf 87' lang='lat' dir='ltr'><strong>potius,</strong></span> 
     </span>
     <span class='ocr_line' id='line_1_33' title="bbox 89 3794 1241 3878; baseline 0.001 -22"><span class='ocrx_word' id='word_1_336' title='bbox 89 3796 242 3856; x_wconf 85' lang='lat' dir='ltr'><strong>molestus</strong></span> <span class='ocrx_word' id='word_1_337' title='bbox 261 3809 302 3858; x_wconf 86' lang='lat' dir='ltr'><strong>est</strong></span> <span class='ocrx_word' id='word_1_338' title='bbox 322 3797 367 3867; x_wconf 85' lang='lat' dir='ltr'><strong>iis,</strong></span> <span class='ocrx_word' id='word_1_339' title='bbox 384 3797 436 3878; x_wconf 90' lang='lat' dir='ltr'><strong>qui</strong></span> <span class='ocrx_word' id='word_1_340' title='bbox 452 3795 541 3857; x_wconf 82' lang='lat' dir='ltr'><strong>simul</strong></span> <span class='ocrx_word' id='word_1_341' title='bbox 554 3794 700 3856; x_wconf 78' lang='lat' dir='ltr'><strong>laventur.</strong></span> <span class='ocrx_word' id='word_1_342' title='bbox 782 3794 877 3869; x_wconf 75' lang='lat' dir='ltr'><strong>turbo,</strong></span> <span class='ocrx_word' id='word_1_343' title='bbox 896 3795 1086 3856; x_wconf 84' lang='lat' dir='ltr'><strong>multitudiue</strong></span> <span class='ocrx_word' id='word_1_344' title='bbox 1099 3796 1241 3857; x_wconf 85' lang='lat' dir='ltr'><strong>comitum</strong></span> 
     </span>
    </p>
   </div>
   <div class='ocr_carea' id='block_1_3' title="bbox 79 4017 1244 4541">
    <p class='ocr_par' dir='ltr' id='par_1_3' title="bbox 86 4017 1243 4212">
     <span class='ocr_line' id='line_1_34' title="bbox 125 4017 1243 4085; baseline 0.002 -19"><span class='ocrx_word' id='word_1_345' title='bbox 125 4020 149 4049; x_wconf 71' lang='lat'>⁸</span> <span class='ocrx_word' id='word_1_346' title='bbox 167 4019 207 4067; x_wconf 78' lang='lat' dir='ltr'><strong>ct</strong></span> <span class='ocrx_word' id='word_1_347' title='bbox 227 4019 303 4076; x_wconf 80' lang='lat' dir='ltr'><strong>xlv,</strong></span> <span class='ocrx_word' id='word_1_348' title='bbox 324 4025 363 4072; x_wconf 74' lang='lat'><strong>94.</strong></span> <span class='ocrx_word' id='word_1_349' title='bbox 386 4019 493 4069; x_wconf 77' lang='lat' dir='ltr'><strong>Manioi.</strong></span> <span class='ocrx_word' id='word_1_350' title='bbox 515 4019 565 4078; x_wconf 87' lang='grc' dir='ltr'>ΙΙΙ,</span> <span class='ocrx_word' id='word_1_351' title='bbox 586 4025 610 4079; x_wconf 80' lang='grc'><strong>4,</strong></span> <span class='ocrx_word' id='word_1_352' title='bbox 631 4023 654 4068; x_wconf 80' lang='lat'><strong>5.</strong></span> <span class='ocrx_word' id='word_1_353' title='bbox 692 4023 696 4032; x_wconf 84' lang='grc'><em>’</em></span> <span class='ocrx_word' id='word_1_354' title='bbox 721 4019 740 4050; x_wconf 79' lang='lat'><strong>&#39;¹</strong></span> <span class='ocrx_word' id='word_1_355' title='bbox 756 4017 840 4081; x_wconf 77' lang='lat' dir='ltr'><strong>Vulgo</strong></span> <span class='ocrx_word' id='word_1_356' title='bbox 849 4027 942 4079; x_wconf 72' lang='lat' dir='ltr'><strong>putant,</strong></span> <span class='ocrx_word' id='word_1_357' title='bbox 959 4034 1074 4080; x_wconf 81' lang='lat' dir='ltr'><strong>properes</strong></span> <span class='ocrx_word' id='word_1_358' title='bbox 1083 4021 1198 4085; x_wconf 79' lang='lat' dir='ltr'><strong>gutto(v.</strong></span> <span class='ocrx_word' id='word_1_359' title='bbox 1211 4021 1243 4068; x_wconf 74' lang='lat' dir='ltr'><strong>sd</strong></span> 
     </span>
     <span class='ocr_line' id='line_1_35' title="bbox 86 4083 1243 4147; baseline 0 -13"><span class='ocrx_word' id='word_1_360' title='bbox 86 4087 182 4133; x_wconf 83' lang='lat' dir='ltr'><strong>Burro.</strong></span> <span class='ocrx_word' id='word_1_361' title='bbox 196 4085 227 4134; x_wconf 79' lang='lat' dir='ltr'><strong>ud</strong></span> <span class='ocrx_word' id='word_1_362' title='bbox 239 4085 338 4134; x_wconf 84' lang='lat' dir='ltr'><strong>Petron.</strong></span> <span class='ocrx_word' id='word_1_363' title='bbox 352 4101 372 4134; x_wconf 88' lang='lat' dir='ltr'><strong>c.</strong></span> <span class='ocrx_word' id='word_1_364' title='bbox 387 4093 427 4136; x_wconf 78' lang='grc'><strong>80.</strong></span> <span class='ocrx_word' id='word_1_365' title='bbox 442 4101 466 4147; x_wconf 84' lang='lat' dir='ltr'><strong>p.</strong></span> <span class='ocrx_word' id='word_1_366' title='bbox 483 4091 537 4134; x_wconf 84' lang='lat'><strong>169.</strong></span> <span class='ocrx_word' id='word_1_367' title='bbox 559 4085 654 4134; x_wconf 82' lang='lat' dir='ltr'><strong>Emert.</strong></span> <span class='ocrx_word' id='word_1_368' title='bbox 691 4083 747 4142; x_wconf 87' lang='grc' dir='ltr'>ΙΙΙ,</span> <span class='ocrx_word' id='word_1_369' title='bbox 760 4085 831 4144; x_wconf 74' lang='lat'><strong>268.)</strong></span> <span class='ocrx_word' id='word_1_370' title='bbox 848 4099 863 4130; x_wconf 85' lang='lat' dir='ltr'><strong>e</strong></span> <span class='ocrx_word' id='word_1_371' title='bbox 872 4085 1026 4141; x_wconf 75' lang='lat' dir='ltr'><strong>concursuri,</strong></span> <span class='ocrx_word' id='word_1_372' title='bbox 1043 4085 1128 4132; x_wconf 80' lang='lat' dir='ltr'><strong>divites</strong></span> <span class='ocrx_word' id='word_1_373' title='bbox 1143 4101 1243 4134; x_wconf 84' lang='lat' dir='ltr'><strong>ecoruu</strong></span> 
     </span>
     <span class='ocr_line' id='line_1_36' title="bbox 87 4147 1243 4212; baseline 0.002 -14"><span class='ocrx_word' id='word_1_374' title='bbox 87 4149 150 4198; x_wconf 78' lang='lat' dir='ltr'><strong>clav.</strong></span> <span class='ocrx_word' id='word_1_375' title='bbox 170 4151 365 4198; x_wconf 76' lang='lat' dir='ltr'><strong>CicctedCIc.</strong></span> <span class='ocrx_word' id='word_1_376' title='bbox 383 4151 639 4212; x_wconf 73' lang='lat' dir='ltr'><strong>Ep.adno.1v,r.</strong></span> <span class='ocrx_word' id='word_1_377' title='bbox 691 4148 852 4203; x_wconf 84' lang='lat' dir='ltr'><strong>rhinocerotis,</strong></span> <span class='ocrx_word' id='word_1_378' title='bbox 872 4149 897 4194; x_wconf 92' lang='lat' dir='ltr'><strong>in</strong></span> <span class='ocrx_word' id='word_1_379' title='bbox 919 4147 1009 4196; x_wconf 74' lang='lat' dir='ltr'><strong>balneis</strong></span> <span class='ocrx_word' id='word_1_380' title='bbox 1030 4165 1086 4197; x_wconf 82' lang='lat' dir='ltr'><strong>usos</strong></span> <span class='ocrx_word' id='word_1_381' title='bbox 1101 4165 1158 4198; x_wconf 72' lang='lat' dir='ltr'><strong>csse.</strong></span> <span class='ocrx_word' id='word_1_382' title='bbox 1195 4151 1243 4200; x_wconf 79' lang='lat' dir='ltr'><strong>Sed</strong></span> 
     </span>
    </p>

    <p class='ocr_par' dir='ltr' id='par_1_4' title="bbox 79 4212 1244 4541">
     <span class='ocr_line' id='line_1_37' title="bbox 121 4212 1243 4280; baseline -0.004 -18"><span class='ocrx_word' id='word_1_383' title='bbox 121 4219 141 4246; x_wconf 80' lang='lat'><strong>¹¹</strong></span> <span class='ocrx_word' id='word_1_384' title='bbox 158 4217 187 4262; x_wconf 91' lang='lat' dir='ltr'><strong>io</strong></span> <span class='ocrx_word' id='word_1_385' title='bbox 207 4215 286 4264; x_wconf 76' lang='lat' dir='ltr'><strong>Peud.</strong></span> <span class='ocrx_word' id='word_1_386' title='bbox 302 4217 393 4270; x_wconf 87' lang='lat' dir='ltr'><strong>XXII,</strong></span> <span class='ocrx_word' id='word_1_387' title='bbox 415 4221 487 4272; x_wconf 84' lang='grc'><strong>1,11.</strong></span> <span class='ocrx_word' id='word_1_388' title='bbox 509 4215 617 4270; x_wconf 88' lang='lat' dir='ltr'><strong>XXIII,</strong></span> <span class='ocrx_word' id='word_1_389' title='bbox 633 4220 658 4272; x_wconf 85' lang='grc'><strong>5,</strong></span> <span class='ocrx_word' id='word_1_390' title='bbox 690 4213 816 4262; x_wconf 73' lang='lat' dir='ltr'><strong>ostentatio</strong></span> <span class='ocrx_word' id='word_1_391' title='bbox 826 4212 960 4261; x_wconf 77' lang='lat' dir='ltr'><strong>disitiurum</strong></span> <span class='ocrx_word' id='word_1_392' title='bbox 971 4215 1075 4275; x_wconf 87' lang='lat' dir='ltr'><strong>epitheto</strong></span> <span class='ocrx_word' id='word_1_393' title='bbox 1087 4217 1167 4277; x_wconf 84' lang='lat' dir='ltr'><strong>potIus</strong></span> <span class='ocrx_word' id='word_1_394' title='bbox 1176 4235 1243 4280; x_wconf 66' lang='lat' dir='ltr'><strong>mag.</strong></span> 
     </span>
     <span class='ocr_line' id='line_1_38' title="bbox 88 4278 1243 4339; baseline 0.002 -11"><span class='ocrx_word' id='word_1_395' title='bbox 88 4279 288 4334; x_wconf 72' lang='lat' dir='ltr'><strong>snesxmx.</strong></span> <span class='ocrx_word' id='word_1_396' title='bbox 300 4287 337 4339; x_wconf 80' lang='lat'><strong>14,</strong></span> <span class='ocrx_word' id='word_1_397' title='bbox 346 4289 370 4330; x_wconf 79' lang='grc'><strong>5.</strong></span> <span class='ocrx_word' id='word_1_398' title='bbox 385 4279 567 4330; x_wconf 80' lang='lat' dir='ltr'><strong>I&#39;riscisnuslib.</strong></span> <span class='ocrx_word' id='word_1_399' title='bbox 577 4279 658 4338; x_wconf 91' lang='lat' dir='ltr'><strong>VIII,</strong></span> <span class='ocrx_word' id='word_1_400' title='bbox 687 4297 721 4328; x_wconf 78' lang='lat' dir='ltr'><strong>no</strong></span> <span class='ocrx_word' id='word_1_401' title='bbox 741 4279 857 4327; x_wconf 82' lang='lat' dir='ltr'><strong>contineri</strong></span> <span class='ocrx_word' id='word_1_402' title='bbox 875 4278 974 4326; x_wconf 69' lang='lat' dir='ltr'><strong>violetur.</strong></span> <span class='ocrx_word' id='word_1_403' title='bbox 1020 4279 1071 4328; x_wconf 80' lang='lat' dir='ltr'><strong>Alii</strong></span> <span class='ocrx_word' id='word_1_404' title='bbox 1089 4279 1176 4329; x_wconf 81' lang='lat' dir='ltr'><strong>solium</strong></span> <span class='ocrx_word' id='word_1_405' title='bbox 1193 4283 1243 4331; x_wconf 83' lang='lat' dir='ltr'><strong>sire</strong></span> 
     </span>
     <span class='ocr_line' id='line_1_39' title="bbox 88 4343 1244 4412; baseline 0.002 -17"><span class='ocrx_word' id='word_1_406' title='bbox 88 4357 106 4377; x_wconf 79' lang='lat'><strong>¹¹</strong></span> <span class='ocrx_word' id='word_1_407' title='bbox 117 4349 224 4412; x_wconf 57' lang='lat' dir='ltr'><strong>Deficio,</strong></span> <span class='ocrx_word' id='word_1_408' title='bbox 238 4347 337 4410; x_wconf 76' lang='lat' dir='ltr'><strong>quando</strong></span> <span class='ocrx_word' id='word_1_409' title='bbox 348 4346 463 4408; x_wconf 75' lang='lat' dir='ltr'><strong>accipitur</strong></span> <span class='ocrx_word' id='word_1_410' title='bbox 473 4362 517 4408; x_wconf 87' lang='lat' dir='ltr'><strong>pro</strong></span> <span class='ocrx_word' id='word_1_411' title='bbox 527 4347 656 4410; x_wconf 77' lang='lat' dir='ltr'><strong>defilircor,</strong></span> <span class='ocrx_word' id='word_1_412' title='bbox 690 4343 783 4392; x_wconf 74' lang='lat' dir='ltr'><strong>labrum</strong></span> <span class='ocrx_word' id='word_1_413' title='bbox 804 4345 914 4392; x_wconf 75' lang='lat' dir='ltr'><strong>cuneus</strong></span> <span class='ocrx_word' id='word_1_414' title='bbox 935 4344 1053 4408; x_wconf 75' lang='lat' dir='ltr'><strong>designari</strong></span> <span class='ocrx_word' id='word_1_415' title='bbox 1073 4356 1175 4408; x_wconf 76' lang='lat' dir='ltr'><strong>putunt5</strong></span> <span class='ocrx_word' id='word_1_416' title='bbox 1202 4348 1244 4397; x_wconf 82' lang='lat' dir='ltr'><strong>ulii</strong></span> 
     </span>
     <span class='ocr_line' id='line_1_40' title="bbox 88 4409 1244 4474; baseline 0.003 -16"><span class='ocrx_word' id='word_1_417' title='bbox 88 4425 209 4459; x_wconf 77' lang='lat' dir='ltr'><strong>murrum</strong></span> <span class='ocrx_word' id='word_1_418' title='bbox 223 4423 267 4460; x_wconf 77' lang='lat' dir='ltr'><strong>ost.</strong></span> <span class='ocrx_word' id='word_1_419' title='bbox 299 4413 394 4464; x_wconf 73' lang='lat' dir='ltr'><strong>&#39;luten</strong></span> <span class='ocrx_word' id='word_1_420' title='bbox 407 4413 433 4460; x_wconf 92' lang='lat' dir='ltr'><strong>in</strong></span> <span class='ocrx_word' id='word_1_421' title='bbox 452 4411 506 4462; x_wconf 94' lang='grc' dir='ltr'><strong>ΙΙΙ.</strong></span> <span class='ocrx_word' id='word_1_422' title='bbox 526 4413 658 4462; x_wconf 80' lang='lat' dir='ltr'><strong>Mollodr·</strong></span> <span class='ocrx_word' id='word_1_423' title='bbox 690 4425 746 4458; x_wconf 82' lang='lat' dir='ltr'><strong>vero</strong></span> <span class='ocrx_word' id='word_1_424' title='bbox 760 4409 875 4459; x_wconf 79' lang='lat' dir='ltr'><strong>irridendi</strong></span> <span class='ocrx_word' id='word_1_425' title='bbox 893 4409 1050 4474; x_wconf 75' lang='lat' dir='ltr'><strong>carpendique</strong></span> <span class='ocrx_word' id='word_1_426' title='bbox 1067 4411 1199 4471; x_wconf 83' lang='lat' dir='ltr'><strong>libidinem,</strong></span> <span class='ocrx_word' id='word_1_427' title='bbox 1215 4423 1244 4462; x_wconf 84' lang='lat' dir='ltr'><strong>ut</strong></span> 
     </span>
     <span class='ocr_line' id='line_1_41' title="bbox 79 4467 1240 4541; baseline 0.001 -15"><span class='ocrx_word' id='word_1_428' title='bbox 79 4477 171 4541; x_wconf 70' lang='lat' dir='ltr'><strong>flul-&#39;¹</strong></span> <span class='ocrx_word' id='word_1_429' title='bbox 679 4467 763 4528; x_wconf 53' lang='lat' dir='ltr'><strong>uacus</strong></span> <span class='ocrx_word' id='word_1_430' title='bbox 781 4485 807 4525; x_wconf 83' lang='lat' dir='ltr'><strong>ct</strong></span> <span class='ocrx_word' id='word_1_431' title='bbox 825 4484 979 4538; x_wconf 65' lang='lat' dir='ltr'><strong>naulor&#39;up.</strong></span> <span class='ocrx_word' id='word_1_432' title='bbox 1000 4479 1073 4527; x_wconf 79' lang='lat' dir='ltr'><strong>Mart.</strong></span> <span class='ocrx_word' id='word_1_433' title='bbox 1095 4477 1119 4538; x_wconf 89' lang='lat'><strong>1,</strong></span> <span class='ocrx_word' id='word_1_434' title='bbox 1138 4485 1179 4538; x_wconf 79' lang='lat'><strong>42,</strong></span> <span class='ocrx_word' id='word_1_435' title='bbox 1201 4484 1240 4527; x_wconf 76' lang='grc'><strong>18.</strong></span> 
     </span>
    </p>
   </div>
   <div class='ocr_carea' id='block_1_4' title="bbox 0 0 1572 5250">
    <p class='ocr_par' dir='ltr' id='par_1_5' title="bbox 0 0 1572 5250">
     <span class='ocr_line' id='line_1_42' title="bbox 0 0 1572 5250; baseline 0 0"><span class='ocrx_word' id='word_1_436' title='bbox 0 0 1572 5250; x_wconf 95' lang='lat' dir='ltr'><strong> </strong></span> 
     </span>
    </p>
   </div>
  </div>
 </body>
</html>
