3100 5250
291 452 357 512 326
652 442 1050 511 COMMENTARIUS
1079 454 1100 463 ”

292 639 455 699 numquam
468 629 583 681 exeunt
627 620 702 681 Inde
717 632 821 681 notum
833 620 926 681 illud:
948 618 1044 681 Pallet
1055 639 1069 683 ,·
1088 623 1139 675 cut
1159 615 1247 687 unm,
1268 624 1319 673 out
1341 615 1453 675 studet.

293 724 340 783 cf.
361 722 486 798 Quintil.
505 723 577 793 Vll,
594 730 641 794 10,
658 730 705 783 11.
728 724 807 783 Peru
822 724 847 794 l,
862 722 912 783 26.
928 728 995 782 124.
1018 721 1057 793 V,
1067 718 1118 779 62.
1139 718 1230 778 Ovid.
1247 722 1317 779 Art.
1332 719 1360 789 l,
1377 726 1449 789 729.

294 834 363 897 730.
406 828 443 886 In
464 826 601 887 omnibus
624 825 705 887 hbce
728 826 871 906 exemplis
891 825 987 906 pallor
999 824 1063 883 ‚iste
1085 834 1131 881 eat
1148 844 1168 881 a
1186 821 1274 899 priua
1294 834 1449 882 emuncto

294 930 407 996 morbo,
423 948 512 1008 quem
532 940 586 989 aut
604 926 696 987 animi
715 928 862 1006 aegritudo
880 925 992 999 fecerit,
1011 935 1065 984 aut
1084 922 1153 983 colia
1165 933 1200 985 et
1209 923 1288 981 atris
1298 922 1443 983 Mortuo

294 1030 444 1091 Gamerae
458 1030 496 1090 ad
509 1029 574 1089 h.1.
587 1028 676 1091 etiam
693 1029 830 1089 inanimis
849 1028 992 1109 pallorem
1010 1027 1112 1097 tribui,
1132 1036 1257 1105 propte·
1277 1027 1442 1104 corruptio-

292 1147 362 1189 nem
375 1149 392 1187 a
406 1128 515 1207 quiete,
535 1127 659 1187 humore
672 1126 799 1188 admiaoo
811 1138 843 1187 et
854 1125 974 1187 excluso
986 1129 1054 1184 aire
1064 1134 1171 1192 ortam,
1183 1122 1275 1183 docet
1287 1142 1307 1183 e
1319 1122 1444 1202 scripto·

291 1228 374 1289 ribus
387 1226 504 1289 ruaticie
517 1240 548 1285 et
562 1226 723 1287 Vitruvio.”
744 1227 790 1285 CI.
801 1228 872 1287 Ver.
886 1226 969 1287 Lect-

329 1336 380 1401 98.
401 1328 481 1388 labor
495 1336 582 1389 uester
587 1328 753 1409 ficundior,
775 1329 877 1389 utilior
896 1339 928 1389 et
940 1327 1116 1389 fructuosior
1129 1328 1207 1387 forte
1219 1337 1277 1398 eet,
1291 1326 1342 1384 vel
1357 1326 1390 1384 id
1402 1327 1443 1386 ite

292 1450 323 1489 re
337 1428 445 1487 babere
458 1427 538 1487 dicat
550 1428 673 1507 aliquis:
693 1428 750 1489 niai
763 1428 874 1489 ironice
884 1428 1017 1508 quuitur
1029 1438 1125 1508 poeta.
1139 1464 1182 1477 -
1195 1434 1245 1497 99.
1257 1426 1340 1506 petit,
1350 1427 1443 1504 exigit

292 1536 372 1586 certe
388 1524 456 1604 plur
475 1524 604 1605 terporis
621 1534 647 1585 et
660 1525 722 1597 olei,
744 1525 835 1585 studii
854 1544 890 1585 oc
908 1525 1131 1585 lucubrationis.
1176 1530 1246 1583 100.
1258 1522 1347 1581 oblito
1359 1523 1440 1593 modi,

292 1628 355 1689 cine
368 1628 458 1689 modo
470 1648 505 1689 oc
518 1628 585 1687 fine.
666 1627 811 1688 millesima
820 1628 931 1709 pagina
944 1629 1046 1708 surgit,
1067 1638 1103 1687 ut
1114 1647 1162 1707 ap
1178 1625 1271 1685 Ovid.
1283 1626 1355 1685 Anu
1371 1627 1397 1695 1,
1413 1635 1440 1694 l,
1504 1685 1505 1694 ,

295 1737 342 1797 17.
383 1730 429 1788 cf.
444 1748 508 1809 eup·
523 1730 561 1789 ad
576 1750 603 1789 v.
617 1737 668 1791 23.
748 1730 883 1791 durarum
892 1749 1005 1813 papyro
1018 1731 1116 1803 muta,
1137 1729 1208 1808 quia
1225 1740 1285 1788 tam
1296 1728 1439 1787 multum

289 1828 397 1911 papyri
411 1828 572 1889 emendum
585 1839 639 1901 eet,
653 1830 741 1891 ctiam
754 1831 899 1891 damnum
911 1839 1070 1911 apportant
1082 1840 1114 1889 et
1126 1829 1292 1909 imperaror.
1331 1828 1437 1887 Inbor

290 1932 495 1993 historicorum
508 1942 538 1993 et
549 1932 619 2011 plus
636 1933 786 2011 temporie,
807 1953 898 2013 quem
917 1944 1081 2013 poetarum,
1104 1931 1202 2011 exigit,
1224 1942 1255 1989 et
1266 1928 1336 2009 plna
1348 1950 1435 1989 mm-

290 2046 388 2110 tuum,
415 2036 448 2095 iu
475 2036 573 2096 oleum
600 2057 808 2117 papyrumque
834 2038 1045 2097 faciendorum.
1100 2036 1150 2095 De
1170 2056 1278 2115 papyro
1299 2056 1329 2093 r.
1352 2034 1434 2095 Plin.

290 2135 383 2209 XIII,
399 2144 447 2197 11.
461 2148 492 2199 et
508 2144 554 2197 12.
567 2173 609 2189 -
626 2144 692 2195 102.
706 2136 750 2197 ier
762 2157 876 2219 operupt
888 2148 920 2197 et
931 2137 1002 2197 ertia
1015 2146 1130 2205 vestre,
1149 2154 1218 2214 quae
1234 2136 1322 2214 jubet
1333 2136 1436 2213 ningu-

289 2240 335 2299 laa
349 2258 397 2300 rea
409 2238 498 2319 plene
511 2260 545 2301 ac
564 2239 652 2319 plane
671 2260 833 2300 memorare
852 2260 948 2319 eoque
967 2239 1071 2299 ordine
1090 2258 1125 2297 ec
1144 2239 1245 2308 modo,
1265 2259 1329 2317 quo
1349 2251 1438 2318 geete

290 2354 366 2405 aunt.
409 2344 458 2403 De
475 2343 622 2404 hittorioae
642 2344 712 2403 ertia
731 2343 848 2423 legibue
869 2364 897 2403 r.
911 2343 972 2403 Cic.
985 2344 1025 2403 de
1038 2344 1120 2405 Orat
1134 2362 1161 2402 c.
1176 2350 1224 2402 15.
1237 2376 1281 2390 -
1296 2350 1366 2402 103.
1379 2344 1438 2415 Qui

289 2454 391 2505 tamen
405 2463 477 2501 uaua
489 2444 663 2523 fructusque
677 2443 745 2503 duri
757 2443 866 2503 lnboria
878 2454 979 2503 noatra
991 2453 1077 2504 aetate
1091 2442 1257 2523 percipitur
1269 2462 1308 2501 ex
1320 2442 1439 2502 historin

289 2540 446 2619 diligenter
460 2540 591 2620 scripta?
611 2542 685 2621 quid
698 2562 779 2603 nunc
788 2543 910 2623 expedit
921 2542 1138 2611 historiciurea
1154 2552 1322 2602 memoratu
1334 2542 1437 2622 digram

289 2643 463 2724 explicuisse
476 2655 507 2705 et
526 2655 662 2707 accurate
680 2646 836 2708 mrraace?
870 2647 1046 2728 Metapbore
1058 2646 1180 2726 petitae
1193 2655 1295 2726 segete,
1317 2659 1349 2708 et
1360 2657 1434 2707 terra

290 2743 339 2804 rel
353 2743 445 2804 humo
458 2753 558 2824 operto
571 2765 605 2806 rc
618 2745 731 2808 reclusa
744 2757 849 2808 aratro.
932 2745 1138 2827 Seger‘laboris
1152 2747 1323 2824 praemium,
1338 2759 1373 2806 nt
1385 2749 1434 2806 ini.

290 2866 320 2906 v.
337 2854 404 2906 112.
418 2846 521 2906 metria
535 2879 577 2896 -
593 2853 662 2908 104.
674 2857 749 2918 uoto,
769 2870 817 2911 ree
835 2860 942 2929 genter,
955 2849 1106 2918 ,historiae
1127 2848 1238 2927 egent,
1258 2863 1435 2928 anagnoste.

289 2947 390 3028 Vulgo
402 2947 549 3028 designari
569 2959 677 3029 putant
696 2951 854 3012 actuoriurr
873 2973 897 3011 e.
917 2950 1053 3020 scribam,
1073 2947 1227 3008 librarium
1246 2960 1277 3008 ot
1294 2949 1433 3008 tabellio-

287 3071 374 3124 nem;
397 3051 490 3130 (Gall.
504 3053 619 3122 notuit-e,
637 3053 764 3132 grrffier)
788 3053 841 3113 aed
860 3054 918 3115 hoc
935 3053 1090 3114 bominum
1109 3071 1208 3130 genua
1225 3062 1287 3112 acu
1305 3051 1433 3130 publica

287 3165 405 3216 renatus
417 3175 452 3216 ac
464 3153 568 3234 populi
581 3155 635 3234 (de
648 3156 757 3234 quibus
771 3155 1009 3236 ν.1(111,136.)
1030 3175 1091 3216 non
1111 3155 1214 3235 legere,
1231 3155 1278 3215 red
1297 3154 1433 3214 sorbere

287 3253 435 3314 colebant.¹
445 3275 473 3314 v.
488 3254 570 3334 Lipu
585 3255 658 3316 Exc.
673 3253 713 3314 ad
726 3255 798 3315 Tac.
810 3257 893 3318 Ann.
906 3255 946 3327 V,
960 3263 989 3316 5.
1029 3254 1192 3315 Adsentior
1204 3266 1308 3323 mn,
1320 3253 1345 3312 ai
1357 3273 1435 3312 vern

274 3366 364 3424 ‚runt
378 3375 446 3434 qum
459 3357 612 3418 adnotavit
627 3357 808 3418 Achaintre:
829 3368 850 3396 ‘¹
864 3359 978 3418 Eorum
996 3357 1110 3436 duplex
1128 3355 1220 3417 fuisse
1239 3355 1356 3416 videtur
1369 3357 1433 3414 offi-

285 3456 384 3516 cium:
404 3457 535 3535 primum
549 3460 628 3520 enim
646 3471 763 3522 cenante
783 3473 815 3522 et
833 3461 937 3540 populi
950 3461 1070 3522 decreta
1080 3470 1134 3519 aut
1145 3460 1333 3537 privatorum
1345 3479 1433 3538 apon-

285 3553 389 3624 aioner,
403 3557 621 3628 transactiones,
635 3560 819 3620 matrimonia
836 3571 892 3620 cot
913 3559 1090 3631 scribebant,
1117 3558 1162 3636 (ir
1185 3567 1251 3618 cota
1275 3557 1433 3636 rgferobmt

285 3656 327 3726 II,
345 3655 427 3736 136.)
449 3656 558 3718 deinde
576 3659 640 3722 baeo
656 3663 757 3723 eadem
771 3665 863 3724 verba
874 3664 950 3744 legin
962 3675 994 3724 et
1005 3675 1138 3724 actorum
1153 3661 1344 3740 publicorum
1358 3683 1433 3741 prm-

284 3759 353 3819 coni
367 3759 572 3840 subjiciebant,
592 3773 627 3823 ut
641 3766 679 3824 ab
693 3785 728 3824 eo
741 3765 820 3826 clare
831 3768 1068 3834 enunciarentur,
1081 3764 1140 3835 rel,
1153 3785 1250 3842 quom
1258 3766 1299 3824 de
1311 3765 1433 3844 privatis

276 3855 428 3937 ageretur,
449 3862 541 3921 verba
554 3873 585 3922 et
597 3861 743 3924 mentulas
756 3876 890 3926 aetorum
902 3866 1020 3944 ipairnet
1032 3883 1132 3926 coram
1146 3864 1281 3942 partubus
1295 3865 1432 3944 legebant,

282 3964 505 4026 enuntiabant.”
514 3965 541 4010 ³⁷
561 4001 602 4016 -
624 3973 690 4026 105.
707 3967 775 4027 Ηοο
796 3978 849 4038 eat,
874 3969 956 4047 quod
981 3969 1087 4030 divites
1110 3969 1286 4048 nobilesque
1295 4019 1300 4026 .
1309 3969 1433 4032 Romani

282 4060 412 4120 avaritie
427 4083 487 4122 rnae
501 4074 532 4123 et
545 4063 749 4125 historicorum
770 4067 931 4127 contemmi
950 4069 1156 4147 pretendunt:
1177 4069 1294 4138 dicunt,
1314 4067 1433 4127 histori-

282 4177 332 4220 ooa
345 4181 409 4223 ecee
421 4165 552 4246 igneum
563 4187 654 4246 genus
666 4167 829 4240 hominum,
849 4171 930 4249 quod
943 4169 1012 4230 lecto
1020 4173 1127 4251 gaudet
1140 4183 1168 4233 et
1180 4172 1293 4240 mna.
1305 4171 1387 4230 domi
1399 4183 1435 4230 et

279 4265 312 4324 in
325 4264 385 4324 otio
398 4267 503 4328 studiis
516 4279 609 4338 vacat,
623 4268 744 4332 otiosam
758 4282 789 4331 et
802 4271 988 4333 umbratilem
1002 4274 1095 4334 vitem
1106 4274 1180 4355 agit,
1193 4285 1225 4335 et
1233 4273 1364 4353 publicis
1377 4293 1433 4333 ne·

312 4413 330 4444 ⁰
343 4415 394 4492 Alii
404 4417 550 4468 numidicum
566 4421 712 4486 intelligunt,
728 4425 770 4490 qui
780 4435 834 4475 acta
864 4426 915 4476 fec
925 4427 1012 4476 laboris
1021 4430 1121 4490 premia
1131 4429 1249 4492 apaan&
1259 4445 1323 4490 care,
1333 4445 1393 4480 nm
1405 4449 1432 4480 v.

278 4479 465 4546 twarlugin
484 4485 832 4597 ntoepmnqumunuu
866 4494 1158 4545 roo-13⁷.oeenuinr.
1504 4494 1505 4509 ¹
