3100 5250
445 436 495 502 IN
516 434 679 501 JUVEN.
705 434 801 501 SAT.
826 436 903 500 Vll.
1178 440 1242 501 383

107 617 146 690 (r.
160 612 200 671 ad
214 631 242 668 v.
259 613 326 689 73.)
341 610 399 668 filia
411 610 514 669 Cadmi
526 621 555 671 et
570 611 746 679 Harmoniae,
760 630 851 669 tunore
865 608 1005 667 Echionis
1017 619 1047 667 et
1060 619 1153 687 matre
1166 610 1241 667 Pen-

105 709 173 779 thei,
188 708 227 767 de
242 728 305 785 qua
319 726 346 765 v.
364 706 451 764 Ovid.
466 706 538 766 Met.
555 707 613 776 ΙΙΙ,
628 715 683 766 501
702 728 762 785 seq.
774 719 804 766 et
817 706 946 765 Brunck.
968 704 1054 764 Anal.
1076 706 1111 762 T.
1134 706 1192 763 111.
1212 727 1242 783 p.

104 818 171 871 825.
188 830 238 888 ep.
254 816 326 869 353.
348 808 413 866 Alia
428 811 531 886 Agave
546 808 651 879 Danai,
665 820 695 869 et
708 810 764 867 alia
786 810 875 869 Nerei
894 810 954 868 filia
972 810 1037 869 fuit
1079 809 1155 869 Haec
1178 810 1243 889 qui-

103 914 174 973 dem
190 911 281 971 Statii
295 911 433 989 nagoedia
445 930 540 989 neque
560 922 654 971 exstat
674 912 810 993 amplius,
823 909 883 990 '(ut
902 932 956 971 nec
976 913 1103 972 carmina
1123 914 1187 992 ejus
1207 915 1245 971 de

101 1013 189 1071 bello
213 1010 387 1070 Germanico
406 1020 436 1068 et
458 1010 569 1070 Dacico
593 1011 768 1089 Domitiani)
793 1031 890 1089 neque
913 1014 951 1070 ab
974 1012 1037 1071 aliis
1059 1026 1244 1071 memoratur.

105 1112 178 1171 Nec
194 1122 293 1170 tamen
306 1120 464 1187 propterea,
479 1110 591 1187 etquis
606 1110 714 1170 Statius
727 1112 846 1188 Agaven
859 1112 1024 1174 meminerit
1041 1113 1071 1170 in
1086 1113 1246 1183 Thebaide,

105 1214 172 1292 (lib.
190 1213 254 1284 ΙΙΙ,
272 1219 339 1281 19⁰·
354 1209 408 1280 ΙΙΙ,
422 1209 491 1271 565.
506 1212 563 1281 XI,
578 1214 660 1291 818.)
675 1232 743 1271 cum
759 1213 891 1272 Parthae
914 1218 1024 1280 Quaest.
1045 1217 1139 1294 Epist.
1153 1224 1181 1275 4.
1202 1218 1247 1275 in·

106 1310 271 1371 tellexerim
290 1307 459 1367 Thebaidem
479 1309 554 1369 forte
573 1321 645 1370 tunc
668 1311 802 1369 nondum
824 1310 942 1380 editam
967 1322 1001 1371 ut
1021 1333 1089 1390 pars
1110 1334 1166 1391 pro
1186 1325 1254 1398 toto⁴

107 1416 189 1473 dicta
201 1413 247 1471 sit.
289 1411 370 1470 Nam
383 1410 449 1491 quis
463 1432 601 1491 umquam
617 1413 762 1483 carminis,
778 1414 941 1494 etquidem
961 1426 1021 1473 tam
1041 1414 1157 1492 prolixi,
1177 1417 1249 1475 titu-

106 1517 177 1576 lum
189 1538 208 1575 a
218 1532 350 1593 persona,
365 1524 411 1573 ter
423 1516 454 1572 in
468 1536 503 1573 eo
512 1526 679 1583 memorata,
694 1526 725 1575 et
738 1534 775 1573 ne
788 1514 927 1593 primaria
939 1516 1069 1594 quidem,
1090 1516 1199 1595 petiit?
1219 1528 1251 1576 et

109 1638 169 1679 cur
184 1617 286 1677 histrio
303 1616 422 1694 epicum
444 1637 559 1677 carmen
584 1618 678 1676 emit?
723 1618 845 1676 Vendere
868 1618 998 1677 solebant
1020 1630 1114 1696 pocta
1137 1618 1251 1678 fabulas

107 1738 182 1777 suas
196 1714 384 1783 Praetoribus,
399 1714 447 1772 vel
461 1716 610 1775 AEdilibus
624 1715 670 1775 vel
684 1715 756 1784 aliis,
771 1716 824 1794 qui
847 1713 932 1775 ludos
945 1718 1089 1784 edebant3
1109 1716 1190 1795 quod
1203 1716 1250 1775 vel

108 1842 146 1881 ex
160 1820 282 1879 Terent.
297 1818 373 1877 Hec.
390 1818 466 1877 Prol.
482 1819 507 1888 Ι,
524 1826 551 1884 7.
567 1818 609 1887 ΙΙ,
624 1826 671 1888 49.
687 1818 775 1880 Ovid.
791 1819 879 1878 Trist.
896 1820 937 1888 ΙΙ,
952 1827 1011 1886 507
1023 1840 1082 1897 seq.
1095 1820 1132 1878 al.
1146 1831 1251 1879 notum

109 1934 162 1983 est.
179 1942 184 1959 ’
204 1919 322 1981 Histrio
336 1918 365 1975 h.
380 1919 400 1978 Ι.
413 1920 586 1997 tragoediam
607 1921 709 1981 emisse
730 1920 854 1979 dicitur:
876 1921 928 1978 sed
951 1920 1069 1998 qualis?
1088 1941 1116 1979 v.
1138 1923 1177 1979 ad
1198 1923 1251 1990 Vl,

112 2034 163 2091 87.
246 2023 390 2091 intactam,
404 2041 519 2092 novam,
534 2042 593 2081 non
606 2032 692 2081 antea
704 2022 819 2093 lectam,
841 2022 983 2090 saltatum,
1004 2034 1159 2095 cantatam,
1178 2026 1253 2083 reci·

110 2139 218 2194 tatam,
232 2124 279 2183 sel
292 2124 461 2202 evulgatam
476 2134 505 2182 et
519 2125 548 2181 in
560 2144 646 2184 scena
660 2138 763 2193 actam,
780 2126 863 2200 (nam
876 2124 993 2195 fabulae,
1007 2135 1075 2181 ante
1085 2144 1172 2202 quam
1185 2146 1254 2203 pro-
1368 2166 1371 2169 ⁴

115 2216 343 2285 dotarenmrin
357 2242 482 2292 scenam,
497 2224 694 2283 recitabantur
706 2222 807 2282 amicis
826 2223 956 2299 virisque
974 2221 1075 2293 doctis,
1096 2224 1176 2283 unde
1196 2222 1256 2283 fla
1370 2283 1372 2286 .

112 2323 233 2381 necdum
246 2321 390 2381 mamiato
401 2320 484 2379 clwro
496 2329 628 2379 cantatur
643 2321 741 2399 Agave
759 2300 809 2398 ap,
832 2320 936 2379 Claud.
958 2321 1081 2398 Eutrop
1107 2319 1148 2390 ΙΙ,
1169 2320 1255 2401 364.)

110 2422 160 2481 rel
184 2420 328 2490 fabulam,
354 2420 439 2499 cujus
462 2431 670 2498 argumentum
697 2418 796 2491 nullus
815 2419 921 2479 ¹adhuc
948 2420 1257 2497 Romanorum-poete

110 2526 222 2606 attigit,
239 2524 392 2595 tractarit,
415 2525 463 2600 (ut
476 2544 524 2602 ap.
538 2524 620 2617 virg.
637 2524 691 2582 Ge.
707 2523 767 2593 ΙΙΙ,
782 2529 831 2582 41.
846 2523 950 2582 Horat
965 2524 1025 2583 Sat.
1046 2525 1071 2593 Ι,
1091 2522 1121 2594 6,
1141 2522 1192 2585 66.
1212 2526 1257 2603 ip-

110 2649 246 2710 sumque
259 2629 332 2687 Stat.
346 2627 423 2706 Sylv.
439 2629 463 2698 Ι,
479 2636 508 2697 2,
525 2635 596 2692 238.
612 2628 672 2698 ΙΙΙ,
698 2635 725 2697 1,
750 2625 813 2705 67.)
836 2627 892 2685 nisi
914 2626 1000 2685 simul
1025 2627 1153 2708 respexit
1175 2640 1261 2708 poeta

112 2733 207 2792 illam
222 2731 303 2790 vocis
316 2731 468 2800 notionem,
484 2731 522 2790 de
536 2751 594 2809 qua
608 2751 635 2789 v.
658 2731 695 2788 ad
717 2730 773 2799 Vl,
800 2729 865 2790 163.
909 2729 1053 2808 Rigaltius
1075 2739 1107 2788 et
1129 2730 1261 2790 Hennin.

110 2836 175 2896 hoc
189 2832 331 2912 loquendi
344 2853 438 2911 genus
451 2834 577 2912 petitum
598 2835 742 2911 putabant
761 2854 780 2890 a
794 2832 909 2903 lenone,
929 2834 971 2909 (v.
985 2832 1025 2891 ad
1037 2853 1066 2888 v.
1081 2838 1120 2891 88
1134 2837 1210 2912 seq.)
1230 2845 1261 2893 ct

113 2939 149 2998 C.
164 2937 304 2997 Valesius
317 2937 348 2996 h.
360 2936 381 2994 Ι.
395 2938 435 2996 ita
448 2937 715 3016 interpretabatur:
736 2936 793 2993 nisi
805 2937 905 2995 vendut
922 2933 1027 2993 Paridi
1039 2927 1157 3013 Agauen
1169 2935 1259 2994 intac-

112 3048 181 3108 tam,
195 3034 256 3095 nisi
269 3036 309 3093 ad
323 3034 502 3094 lenocinium
516 3055 547 3094 ee
565 3035 733 3096 contulisset
755 3035 941 3116 lapidemque
964 3033 1091 3111 aliquam
1116 3033 1262 3110 virginem

115 3161 168 3201 seu
181 3137 412 3206 meretriculam,
427 3136 502 3196 nulli
517 3135 580 3196 viro
593 3138 740 3216 cognitam
753 3147 913 3205 attactam,
929 3135 1027 3194 Paridi
1041 3135 1260 3213 suppeditasset

115 3241 162 3297 At
173 3237 243 3296 leno
255 3235 378 3315 proprie
393 3254 453 3294 non
466 3234 582 3318 uendere
596 3233 669 3293 solet
678 3235 852 3301 meretrices,
865 3251 964 3309 neque
975 3231 1060 3289 etiam
1072 3231 1193 3290 intactae
1202 3234 1260 3291 vir·

116 3339 209 3419 gines
216 3361 228 3410 ;
247 3338 301 3398 nisi
316 3337 406 3406 dicas,
420 3357 489 3397 eum
502 3337 559 3395 hoc
572 3335 708 3396 mmulare
720 3347 799 3396 certe
811 3346 864 3394 aut
876 3332 1018 3392 dictitare.

163 3447 204 3500 88
220 3459 280 3518 seq.
304 3438 386 3498 Salse
400 3437 463 3498 haec
477 3438 556 3497 dicta
576 3448 605 3496 et
624 3438 655 3496 iu
679 3436 824 3505 Paridem,
849 3434 910 3513 qui,
936 3433 1038 3492 histrio
1059 3455 1153 3513 quum
1174 3450 1259 3506 esset,

117 3540 212 3619 apud,
219 3539 423 3598 Domitianum
438 3536 531 3616 gratia
544 3537 706 3615 plurimum
726 3535 850 3603 valebat,
871 3545 902 3592 et
924 3533 955 3590 in
979 3532 1077 3610 ipsum
1101 3534 1261 3613 Imperato-

118 3659 203 3708 rem,
217 3637 329 3716 quitali
343 3636 456 3696 homiui
478 3636 566 3696 etiam
586 3635 717 3695 bonorum
739 3632 946 3713 largiendorum
969 3632 1016 3692 vel
1041 3634 1262 3694 vendendorum

118 3749 302 3820 potestatem
313 3735 484 3805 indulserat,
499 3746 530 3793 et
549 3735 580 3792 in
597 3754 728 3824 proceres
743 3734 837 3803 Rom,
852 3732 904 3811 qui
917 3751 976 3790 non
997 3732 1124 3810 amplius
1147 3735 1263 3810 patroni

117 3853 215 3903 erant
227 3840 377 3900 doctorum
390 3838 553 3908 hominum,
567 3857 675 3916 eosque
694 3835 749 3896 nec
769 3834 898 3914 premiis
918 3854 973 3894 nec
993 3833 1153 3892 honoribus
1176 3855 1263 3913 auge-

115 3949 207 4006 bant.
249 3943 326 4004 Haec
338 3962 409 4002 vero
423 3942 547 4020 figurate
559 3941 658 4019 potius
670 3939 701 3998 in
714 3959 744 3998 se
758 3950 789 3996 et
809 3935 953 4006 Paridem,
973 3936 1144 3994 histrionem
1162 3934 1262 4006 alium,

116 4047 175 4126 qui
191 4044 252 4104 salsi
265 4044 298 4102 in
312 4042 425 4102 deliciis
437 4041 535 4109 fuerit,
551 4041 629 4099 dicta
642 4059 713 4108 csse,
735 4037 904 4097 Hadrianus
926 4037 1056 4114 putabat.
1078 4055 1105 4090 v.
1128 4054 1192 4112 sup.
1212 4037 1264 4096 vit.

115 4147 138 4206 J
140 4163 235 4204 uren.
319 4141 374 4201 Ille
388 4142 476 4201 Paris.
558 4137 664 4198 militiae
678 4139 813 4206 tonaret,
827 4136 936 4214 gradus
949 4134 1096 4203 militares,
1109 4155 1135 4191 v.
1150 4154 1175 4192 c.
1190 4156 1264 4213 prae.

116 4251 255 4308 fccturas
268 4257 300 4306 et
312 4246 479 4306 tribunatus
492 4265 521 4306 v.
535 4251 585 4314 98.
598 4279 640 4290 -
660 4248 708 4310 89.
730 4241 845 4311 Aurum,
869 4241 898 4299 h.
919 4260 945 4298 e.
968 4235 1110 4296 annulum
1133 4257 1263 4311 aureum,

116 4357 155 4406 ut
169 4367 241 4424 sup.
258 4345 285 4412 1,
298 4351 348 4402 28.
369 4342 654 4422 plerique'referunt
673 4339 710 4399 ad
735 4351 899 4418 equestrem
923 4334 1105 4412 dignitatem,
1127 4336 1177 4394 alli
1197 4346 1266 4396 vero

119 4449 237 4508 metius
249 4445 290 4506 ad
302 4445 484 4506 tribunatum
497 4443 662 4512 militarem,
678 4441 784 4500 uatibus
804 4462 825 4499 s.
843 4437 940 4519 >poetis
960 4458 978 4494 a
1002 4436 1106 4495 Paride
1129 4437 1266 4516 impetra·
