3100 5250
471 437 524 503 nr
545 434 836 505 1111111111.
860 434 938 539 111.
1214 436 1283 497 scr·

124 612 228 689 gotiis,
250 612 284 672 in
303 612 378 684 soro,
398 614 488 684 curia,
509 614 667 693 provinciis
678 624 709 675 et
721 612 823 675 cestris
837 609 884 671 vel
896 609 976 671 bello
988 606 1120 696 agendis,
1141 606 1276 669 abstinet.

122 712 288 773 Juvenalis
309 715 405 773 animo
423 714 574 793 oculisque
594 715 746 775 obversata
764 712 904 772 videntur
922 709 988 769 loce
1003 710 1108 769 Horat.
1121 707 1217 786 Epist.
1231 706 1275 780 11,

123 818 156 880 2,
171 818 224 879 77.
243 822 295 880 78.
316 826 346 874 et
359 813 446 873 Ouid.
467 814 504 873 Α.
520 815 559 874 Α.
574 814 640 884 ΙΙΙ,
657 821 725 873 541.
747 820 815 873 542.
856 811 940 871 Coni.
963 820 995 870 et
1017 808 1119 869 Seuec.
1145 807 1202 886 Ep.
1225 805 1276 872 67.

124 914 276 991 (Gratias
289 938 345 997 ogo
355 917 494 987 samri,
516 918 590 998 quod
608 917 707 977 lectulo
719 938 762 977 me
774 916 879 994 officit)
900 924 930 975 et
950 923 998 982 72.
1021 913 1172 992 (Quodam
1197 918 1272 980 runt,

124 1032 196 1090 quoe
218 1013 325 1093 possis·
337 1023 362 1073 et
383 1014 412 1073 ia
436 1014 505 1074 cisio
529 1014 672 1074 coritae.-
702 1014 829 1094 quedm
856 1012 954 1072 1111111
976 1019 1002 1070 rt
1022 1009 1105 1070 sium
1132 1016 1159 1067 ct
1182 1028 1273 1067 reere-

127 1122 195 1173 tarr
221 1117 393 1196 duisme)
415 1118 495 1178 Pers.
520 1118 547 1188 1,
572 1126 620 1179 53.
644 1117 720 1177 Plin.
744 1117 802 1195 Ep.
821 1116 864 1188 ,V,
889 1123 917 1175 1.
940 1112 1029 1174 Ovid.
1056 1112 1145 1172 Trist.
1169 1112 1195 1182 l,
1223 1118 1274 1182 10,

124 1220 179 1271 38.
202 1217 370 1295 Dempssr.
382 1217 423 1277 cd
437 1218 557 1297 Coripp.
577 1238 609 1296 p.
624 1216 671 1284 76.
693 1228 725 1277 et
744 1213 928 1295 emenso
949 1214 1028 1273 Suet
1050 1216 1131 1290 Aug.
1150 1219 1199 1279 78.
1221 1210 1273 1272 ubi

121 1312 221 1371 multe
235 1314 323 1374 docte
337 1315 501 1395 disputarit
513 1316 551 1377 de
564 1318 641 1379 lecto
653 1316 716 1377 sive
734 1314 872 1377 lecticulo
890 1312 1098 1382 lucubratum,
1118 1312 1229 1391 dequo
1243 1330 1272 1369 r.

123 1432 190 1491 sup.
204 1412 244 1471 ad
259 1434 287 1471 v.
301 1421 352 1474 28.
366 1415 398 1473 in
414 1416 481 1475 Ver.
497 1416 578 1477 Lect
592 1428 623 1477 et
636 1418 674 1477 ad
689 1438 715 1475 v.
731 1424 780 1487 79.
813 1415 917 1475 Iactus
929 1426 1028 1473 tumen
1041 1413 1071 1471 h.
1084 1412 1104 1471 l.
1119 1412 1157 1471 de
1170 1432 1272 1473 somno

126 1514 218 1573 etiam
229 1512 324 1593 accipi
346 1527 452 1593 potest,
474 1528 508 1577 ut
520 1537 568 1596 ap.
582 1517 687 1577 Horat.
700 1516 723 1576 1.
736 1516 756 1574 l.
800 1517 885 1578 conf.
900 1516 969 1576 Var.
983 1516 1065 1577 Lect
1079 1526 1110 1574 ct
1123 1513 1161 1573 de
1174 1513 1281 1571 umbra,

131 1631 199 1689 sup.
212 1612 250 1671 ad
262 1632 288 1671 v.
305 1619 335 1672 8.
377 1613 425 1675 Er
439 1615 485 1675 his
499 1628 596 1677 autem
611 1614 707 1677 verbis
717 1613 900 1693 intelligitur,
914 1613 1005 1672 fuisse
1017 1596 1106 1671 ctiam
1120 1622 1186 1671 tum
1198 1620 1272 1669 tem·

128 1710 209 1789 poris
221 1710 364 1783 homiues,
385 1714 438 1792 qui
450 1714 527 1774 inter
540 1714 633 1774 otium
647 1714 795 1775 literatum
814 1724 846 1774 et
864 1712 1043 1771 desidiosum
1056 1710 1105 1771 vel
1117 1709 1280 1777 honestum<

125 1824 156 1873 et
170 1813 361 1875 inhonestum
374 1816 451 1877 nihil
464 1818 601 1879 interesse
622 1828 770 1897 putarent,
790 1828 843 1877 aut
855 1827 933 1877 certe
949 1816 1097 1895 judicium
1112 1814 1170 1873 hoc
1182 1814 1273 1875 simu·

123 1916 220 1977 lutum
233 1920 398 1981 contemtui
410 1920 561 1981 literarum
574 1920 788 1999 hominumque
801 1919 956 1980 doctorum
969 1917 1172 1979 obtenderent.

168 2015 229 2077 106
243 2038 304 2096 seq.
318 2020 419 2099 Aptus
432 2021 571 2081 transitus
584 2032 672 2100 etque
685 2020 779 2081 solida
790 2020 930 2081 refutatio
938 2018 1032 2097 inepti
1041 2017 1148 2097 judicii
1159 2027 1192 2079 et
1205 2036 1274 2077 oeu-

128 2137 180 2186 ser,
194 2136 213 2173 a
225 2116 368 2177 divitibus
391 2118 528 2179 Romanis
551 2118 591 2177 ad
613 2116 742 2178 averitite
762 2138 824 2177 sum
843 2116 1039 2196 patrocinium
1059 2136 1088 2175 r.
1111 2122 1177 2175 105.
1197 2135 1274 2194 prae·

130 2225 238 2274 texte:
257 2214 448 2277 sinisterius
467 2214 542 2275 nihil
562 2217 649 2279 datur
668 2204 801 2277 muneris
819 2236 875 2277 nec
893 2217 958 2277 dari
978 2216 1076 2285 debet,
1101 2214 1170 2294 quie
1189 2213 1275 2275 otiosi

129 2322 202 2373 sunt
215 2313 357 2387 homines,
371 2315 533 2394 plurimum
547 2328 626 2377 certe
639 2316 771 2377 dandum
785 2326 831 2376 est
841 2314 991 2375 causidicis
997 2340 1011 2387 ,·
1026 2325 1068 2388 at,
1082 2334 1190 2393 quoeso,
1204 2312 1274 2394 quid

125 2416 213 2487 locri,
227 2437 318 2496 quem
330 2438 419 2479 usum
432 2420 622 2499 fructumque
635 2420 671 2479 iis
680 2428 821 2499 proestm
840 2419 931 2498 officia
943 2417 1047 2489 ciuilio,
1068 2417 1182 2478 civibus
1195 2436 1273 2495 prse-

124 2515 207 2585 stita,
220 2518 363 2595 peroratis
376 2517 471 2577 causis
484 2518 619 2581 civilibus
633 2519 664 2579 in
677 2518 973 2600 furni-Pleraque,
985 2537 1053 2596 quer
1063 2536 1091 2575 v.
1105 2514 1273 2575 106-138.
1348 2544 1354 2555 ·

125 2616 330 2696 disputantur,
342 2618 381 2678 ed
394 2639 506 2692 omnes,
520 2620 572 2700 qui
586 2642 686 2684 cauam
699 2622 732 2682 in
744 2621 810 2682 l'oro
822 2631 925 2701 egunt,
939 2619 978 2679 ed
991 2616 1162 2688 causidicos,
1182 2614 1274 2675 advo-

128 2727 217 2778 catos
231 2727 261 2776 et
273 2730 405 2796 petrones
419 2741 582 2792 causarum,
603 2723 753 2783 transferri
770 2733 902 2802 possunt
943 2721 1003 2781 Sed
1016 2731 1103 2799 poeta
1117 2718 1205 2779 simul
1218 2717 1275 2778 hac

129 2817 205 2876 duta
218 2818 371 2890 occasione,
385 2819 463 2899 inpr.
476 2840 505 2880 v.
522 2827 691 2882 108-112.
705 2821 856 2882 invehitur
864 2822 897 2882 in
908 2820 1027 2882 rabulus
1034 2819 1083 2882 vel
1092 2819 1276 2886 clamatores,

127 2917 216 2998 quod
235 2917 387 2980 indoctum
409 2939 503 2998 genus
523 2920 677 2982 hominum
690 2923 777 2982 ctiam
801 2939 882 2981 nunc
901 2920 1000 2982 ubivis
1013 2919 1045 2979 in
1058 2917 1226 2977 forotinnit
1245 2925 1276 2974 et

125 3019 262 3080 verbosis
275 3020 404 3098 strophis
418 3021 670 3100 famularumque
683 3022 844 3082 forensium
863 3022 967 3084 notitia
986 3019 1116 3099 aliquem
1128 3016 1275 3078 facundie

125 3120 304 3202 satutioeque
317 3121 426 3180 famam
439 3121 572 3194 effectat3
591 3122 631 3181 de
644 3141 703 3200 quo
716 3121 862 3184 causidico
880 3121 999 3201 egrrgie
1020 3121 1087 3180 Seu.
1102 3117 1193 3177 Herc.
1207 3119 1276 3177 Fur.

125 3246 156 3286 r.
173 3233 231 3292 172
247 3245 310 3304 seq.
342 3223 404 3284 Hic
416 3223 530 3284 clamosi
543 3224 654 3284 rabiosa
665 3223 733 3304 sori
746 3225 853 3305 Iurgia
874 3225 992 3284 scudem
1005 3223 1144 3304 improbus
1156 3223 1217 3281 iras
1236 3222 1276 3281 Et

129 3327 220 3388 certe
234 3326 314 3386 locut
358 3325 525 3386 causidicus
548 3346 665 3406 quoque
689 3347 805 3407 semper
824 3327 886 3385 lere
906 3324 1076 3385 connmum
1095 3323 1211 3386 dicitur.
1233 3325 1276 3402 (v.

132 3430 239 3490 Burm.
252 3429 289 3490 ad
303 3429 393 3493 Ovio.
406 3431 475 3489 Am.
492 3429 517 3500 1,
534 3437 581 3502 18,
596 3433 659 3510 21.)
715 3437 783 3496 107.
796 3428 881 3488 libelli
900 3427 1048 3488 actionum
1067 3426 1227 3490 forensium
1246 3439 1278 3488 et

130 3533 346 3602 commentarii,
371 3533 489 3604 comiter,
505 3544 577 3611 quos
598 3553 698 3594 secum
718 3531 844 3594 afferunt
862 3531 894 3590 in
913 3531 1009 3592 forum
1025 3532 1055 3591 in
1068 3552 1169 3614 magno
1178 3531 1277 3613 force,

131 3642 239 3720 ignati
252 3637 361 3711 βιβλίων
374 3636 524 3716 Theophr.
539 3636 626 3700 Char.
641 3636 694 3696 Vl.
718 3637 810 3706 δεσμα)
822 3636 951 3695 δικανικῶν
970 3634 1080 3708 βιβλίων
1091 3634 1215 3694 Aristot.
1227 3655 1275 3713 ap.

133 3738 265 3816 Dionys.
284 3737 431 3798 Halio-
444 3744 510 3797 108.
524 3737 590 3816 Ipsi
610 3735 748 3797 causidici
768 3756 882 3815 magno,
904 3754 943 3795 sc.
964 3737 1064 3808 verbs,
1086 3721 1206 3794 aduerb.
1229 3734 1278 3811 (ut

130 3840 279 3916 πρηνῆ)
301 3859 357 3916 pro
376 3838 463 3900 valde
476 3839 524 3899 vel
538 3837 616 3898 clere
636 3857 717 3909 voce,
741 3844 852 3907 sonunt,
873 3835 1044 3916 loquuntur,
1068 3853 1171 3894 vocem
1191 3831 1277 3892 valde

127 3937 293 3999 intendunt
306 3950 336 3998 ct
349 3938 484 3998 clamant
526 3937 631 4000 Doctoe
650 3937 767 3998 dicendi
781 3936 915 3996 formulae
935 3954 1039 4013 mcgm
1051 3943 1081 3992 et
1093 3951 1224 4011 magnam
1237 3933 1277 3991 lo-

123 4037 178 4120 qui
191 4051 224 4097 et
237 4058 348 4110 sorrore,
371 4041 420 4118 (ut
431 4039 552 4118 sprirore,
568 4038 732 4117 promittere
745 4048 775 4097 et
789 4036 905 4116 minure)
927 4035 980 4094 Gr.
994 4033 1108 4114 μεγάλα
1121 4036 1200 4104 siccis,
1219 4031 1278 4099 icoc

120 4141 203 4220 μίγα
216 4137 326 4218 tergium,
339 4139 414 4219 μέγα
430 4145 499 4210 nen,
515 4143 600 4218 ogone
614 4149 669 4200 cet.
681 4138 790 4217 passim
803 4146 970 4207 occurrunt,
984 4133 1036 4224 sed
1049 4133 1223 4213 plerumque
1236 4133 1276 4194 ad

122 4238 415 4320 magniloquentiam
437 4239 486 4300 vel
502 4239 673 4319 jactantium
693 4250 835 4319 spectant.
844 4238 871 4277 ³⁰
912 4237 1010 4297 Verba
1023 4254 1082 4314 seq·
1096 4232 1171 4296 Brit.
1183 4247 1213 4296 et
1226 4234 1277 4297 elii

244 4439 299 4487 ev.
316 4439 400 4489 num.
422 4441 453 4492 ed
472 4441 553 4492 vuer.
578 4441 614 4493 11
636 4441 658 4500 1.
675 4447 732 4492 sor.
749 4429 860 4506 stvulp
873 4437 990 4503 sdl’rop
1005 4437 1044 4498 11,
1059 4440 1148 4497 1153»

698 4525 724 4574 X
744 4531 759 4574 2
