3100 5250
337 429 344 437 ’
438 434 489 498 IN
511 434 798 503 JUVEN..SAT.
823 440 886 505 XI.
1174 442 1233 501 491

124 606 239 677 luenda,
252 607 301 666 vel
314 606 387 667 adeo
400 607 557 669 laudabilia
574 621 606 670 et
624 631 680 690 pro
702 613 870 683 virtutibus,
890 622 951 674 non
963 613 1062 684 'vitiis
1085 614 1238 673 habentur.

123 706 196 765 Cous.
208 705 247 763 ad
260 706 315 777 1v,
332 714 378 767 18.
394 714 439 765 14.
520 709 591 768 Alco
604 710 704 790 turpis,
718 733 745 771 v.
759 712 798 772 ad
813 713 838 782 1,
854 720 900 773 88.
998 712 1186 784 mediocribus,
1207 724 1242 771 ut

123 804 169 873 Vl,
182 810 249 864 582.
331 804 422 877 nitidi,
435 804 517 876 lauti,
531 818 566 866 ut
578 827 607 865 v.
624 814 649 869 1.
995 816 998 823 ’

158 914 210 973 177
223 927 285 985 seq.
326 907 363 966 In
375 908 548 968 lautioribus
562 911 760 971 1111111111
773 913 923 983 conviviis,
937 925 972 973 ut
994 913 1025 973 in
1044 912 1173 985 theatris,
1194 934 1242 973 ac-

122 1019 237 1068 roamata
249 1028 314 1069 esse
327 1011 468 1081 solebant,
482 1012 513 1070 h.
527 1033 553 1073 1.
565 1013 707 1085 homines,
721 1016 773 1095 qui
788 1016 835 1075 vel
848 1028 936 1075 centu
957 1016 1004 1076 vel
1025 1016 1175 1077 saltatione
1195 1017 1243 1075 vel

124 1108 204 1167 facete
224 1107 313 1167 dictis
334 1108 382 1168 vel
407 1110 495 1169 etiam
524 1111 692 1171 recitatione
721 1114 820 1192 aliqua
845 1113 992 1173 auditores
1018 1113 1203 1173 oblectarent.
1218 1110 1244 1155 ⁴⁷

123 1209 288 1270 Honestiora
300 1210 514 1271 oblectamenta
525 1216 607 1274 erant
627 1215 818 1284 recitationes,
838 1214 913 1293 inpr.
939 1215 1100 1275 carminum
1120 1214 1244 1273 Homeri

122 1308 284 1384 (conditoris,
299 1312 434 1381 auctoris,
448 1310 571 1390 Iliados)
585 1324 616 1371 et
630 1312 756 1391 Virgilii.
799 1312 856 1372 Illa
869 1316 906 1373 ab
921 1313 1096 1373 Homeristis
1109 1323 1139 1373 11
1151 1313 1244 1389 pluri-

121 1429 194 1468 mum
206 1409 313 1470 Latine
332 1412 569 1473 decantabantur.
593 1415 635 1492 (v.
649 1414 826 1474 Wernsdorl'
836 1414 875 1473 ad
888 1424 965 1493 poet
980 1415 1045 1473 Lat.
1058 1414 1131 1489 min.
1145 1415 1181 1473 Τ.
1191 1413 1245 1473 IV*

121 1518 149 1590 p'
159 1511 214 1580 567
228 1518 307 1593 aeq.)
320 1548 362 1563 ·-
385 1522 450 1581 178.
472 1516 604 1594 Maronis
618 1517 739 1589 11111οηὶ,
754 1519 903 1595 praeclare,
918 1521 956 1577 ob
976 1518 1159 1596 majestatem
1179 1516 1245 1595 dig·

122 1613 289 1697 niuemque
310 1617 423 1695 epicam
437 1618 577 1678 AEneidis.
668 1618 795 1679 carmina
816 1619 960 1691 Maronis,
981 1618 1093 1676 dubium
1102 1616 1246 1695 facientia

120 1714 243 1791 palmum,
258 1716 418 1789 victoriam,
440 1718 646 1797 principatum,
668 1718 729 1779 scil.
751 1719 926 1778 carminibus
948 1718 1080 1776 Homeri.
1122 1718 1246 1794 Compa-

120 1811 256 1873 rationem
270 1814 395 1875 Homeri
407 1816 583 1895 Virgiliique
597 1818 730 1875 certatim
748 1818 899 1876 instituere
919 1817 973 1875 viri
994 1815 1072 1877 docti
1093 1825 1122 1875 et
1142 1815 1247 1875 veteris

119 1921 145 1971 et
155 1914 249 1972 nostri
262 1913 333 1985 1111,
342 1934 371 1972 v.
386 1933 413 1972 c.
426 1914 512 1990 Prop.
529 1914 571 1985 11,
586 1921 635 1982 34,
650 1914 685 1973 61
704 1934 764 1991 seq.
779 1915 909 1972 Maca-ob.
924 1914 983 1973 Sat
1005 1915 1030 1983 l,
1052 1922 1100 1971 24.
1121 1925 1151 1973 11
1171 1914 1246 1991 inpr.

117 2013 215 2074 111111.
230 2026 261 2074 et
273 2014 328 2071 Vl.
344 2013 421 2072 Plut.
436 2013 473 2071 de
488 2014 620 2073 Homero
633 2024 663 2073 et
675 2014 712 2071 al.
726 2014 843 2092 passim,
859 2014 984 2085 Quintil.
998 2016 1038 2083 X,
1054 2022 1080 2075 1.
1096 2014 1171 2073 Gell.
1187 2016 1248 2083 111,

117 2118 159 2172 11.
177 2113 240 2181 lx,
254 2120 283 2179 9.
297 2110 400 2182 XVII,
418 2118 463 2169 10.
478 2111 584 2189 Scalig.
600 2111 679 2169 Poet
696 2111 733 2180 V,
748 2118 776 2169 2.
798 2109 925 2169 Ursinus
938 2109 1039 2177 etalii,
1055 2110 1106 2167 sed
1120 2111 1249 2171 acutissi-

115 2232 159 2270 me
174 2210 286 2288 Heyne
300 2209 332 2267 in
345 2209 460 2269 duabus
473 2210 646 2290 Disquisitt„
661 2208 781 2269 AEueidi
793 2207 957 2286 premissis
999 2207 1044 2266 01.
1065 2226 1130 2284 sup.
1143 2206 1181 2265 ad
1198 2208 1249 2278 vl,

117 2315 181 2374 487.
196 2342 240 2355 -
263 2314 329 2365 180.
342 2326 440 2365 cereus
452 2306 531 2376 tales,
545 2318 606 2365 tam
619 2305 762 2384 egregios,
777 2323 903 2383 quorum
918 2301 1251 2393 praestantiernquieqpe

119 2410 255 2489 intelligit
267 2410 424 2487 sentitque,
437 2410 461 2469 si
474 2409 523 2468 vel
535 2430 554 2467 a
565 2407 634 2467 rudi
647 2426 740 2488 puero
752 2406 828 2465 male
842 2406 1009 2465 recitentur.
1046 2430 1048 2437 >
1079 2472 1080 2477 .

158 2520 228 2573 181.
246 2513 299 2571 Ad
313 2511 414 2590 epulas
426 2511 497 2570 affer
510 2510 632 2570 hilarem
644 2509 775 2568 animum
789 2508 977 2586 omniumque
991 2526 1127 2566 curarum
1147 2528 1251 2589 exper.

122 2621 186 2670 tem.
197 2644 241 2660 -
264 2615 331 2669 183.
346 2629 399 2668 non
409 2606 533 2686 fencris,
547 2606 628 2687 quod
640 2606 704 2686 ipse
717 2605 806 2666 debes
820 2615 871 2666 aut
884 2604 964 2683 quod
976 2603 1031 2664 tibi
1045 2605 1177 2678 debetur,
1193 2609 1253 2668 ullu

125 2709 215 2768 mentio
228 2719 259 2768 et
271 2706 434 2767 recordatio
446 2708 563 2785 ingrata
575 2704 634 2765 scil.
649 2704 688 2763 eit
700 2701 754 2762 tibi
762 2702 863 2793 bodie,
879 2701 926 2760 vel
940 2701 1084 2760 contrella!
1098 2703 1148 2762 tibi
1161 2705 1250 2778 bilem,

125 2809 191 2870 iram
203 2810 260 2870 tibi
271 2819 388 2870 moveat
400 2820 430 2870 et
449 2809 688 2887 indignationem.

163 2916 219 2968 184
236 2930 294 2988 seq.
314 2909 406 2968 Jocua
418 2908 507 2987 paulo
520 2907 639 2968 liberior
651 2907 850 2984 aoerbiorque,
864 2905 915 2964 sed
928 2915 1014 2984 aptus
1037 2905 1094 2964 illis
1114 2911 1251 2985 tempori.

125 3009 174 3068 bus
185 3027 363 3086 morumque
376 3007 557 3086 corruptelae.
600 3013 667 3065 185.
681 3005 732 3064 tibi
744 3004 837 3076 tacito,
851 3004 1044 3064 dissimulanti
1059 3005 1253 3083 suspicionem

125 3106 265 3176 adulterii,
290 3106 345 3166 etsi
368 3104 436 3166 satis
459 3104 643 3185 probabilem
664 3114 696 3163 et
717 3123 755 3162 ex
774 3103 876 3164 multis
897 3103 988 3182 signis
1010 3103 1052 3180 (v.
1077 3101 1144 3163 186.
1170 3108 1252 3183 187.)

125 3209 313 3282 manifestam,
327 3227 423 3287 neque
436 3227 501 3267 eam
513 3207 638 3286 prodere
651 3208 788 3280 audenti3
809 3219 944 3286 quotum
958 3205 1097 3286 patientia
1110 3207 1175 3279 viri,
1183 3219 1254 3286 ¹tum

127 3312 217 3371 uxoris
233 3309 390 3389 imperium
403 3309 582 3388 libertasque
601 3310 742 3370 dissoluta
760 3320 791 3369 et
810 3310 947 3384 effrenata
967 3311 1141 3370 feminarum
1162 3310 1255 3372 libido

97 3427 101 3434 ·
128 3411 222 3470 acerbe
242 3418 390 3468 notantur.
431 3408 515 3467 Conf.
537 3408 563 3478 1,
585 3407 634 3468 56.
649 3415 698 3474 57.
712 3408 768 3478 Vl,
782 3405 842 3466 206
857 3427 916 3484 seq.
932 3409 1254 3486 1111143111.-

131 3511 189 3570 186.
202 3510 338 3581 multicia,
351 3531 380 3569 v.
393 3509 433 3570 ad
447 3510 490 3578 11,
505 3509 553 3571 66.
647 3510 784 3580 Humida,
798 3509 888 3570 effusa
901 3509 1036 3589 genitura
1056 3532 1143 3591 super
1163 3525 1254 3604 veste,

131 3609 237 3690 Grang.
252 3609 317 3670 coll
333 3609 412 3669 Suet
428 3610 498 3669 Ner.
513 3631 538 3671 c.
552 3619 601 3672 118.
615 3622 687 3670 extr.
729 3608 798 3668 Alia
810 3629 901 3688 eaque
914 3609 1041 3669 recentia
1060 3609 1190 3672 libidinis
1210 3613 1255 3670 in·

130 3710 199 3771 dicia
211 3722 283 3771 sunt
296 3732 375 3791 ruge
387 3711 486 3782 vestis,
499 3721 613 3785 orecte,
628 3713 766 3791 disjectos,
777 3731 864 3773 *comer
876 3720 903 3771 et
916 3712 1151 3792 saturnumque
1163 3713 1255 3774 colen·

131 3817 167 3867 tes
178 3831 199 3870 s.
214 3811 362 3869 rubentes.
404 3810 450 3868 ef.
465 3810 546 3870 Suet.
562 3813 642 3888 Aug.
657 3810 704 3880 69.
719 3819 749 3869 et
762 3809 854 3888 Calig.
869 3810 916 3872 86.

168 3919 234 3971 188.
255 3912 404 3982 Procerus,
419 3913 581 3982 confestim,
603 3912 690 3971 simul
713 3932 747 3971 ac
771 3912 852 3972 lmen
876 3914 980 3975 domus
999 3935 1073 3975 mere
1096 3914 1256 3977 intraveris.

134 4008 263 4089 quidquid
274 4009 345 4068 dolet
357 4009 422 4080 tibi,
437 4021 468 4068 te
489 4020 675 4088 mentemque
696 4021 778 4070 trram
798 4021 884 4071 vexat
905 4021 935 4071 et
955 4013 1046 4092 angit.
1146 4016 1259 4078 Eeuerc

134 4107 240 4188 aliquid
253 4118 352 4168 mente
365 4107 413 4168 rel
425 4118 554 4171 mentem
568 4108 666 4188 aliqua
678 4129 721 4184 re,
734 4129 790 4188 pro
802 4109 943 4181 oblivisci,
956 4121 991 4170 ut
1010 4111 1164 4174 lellourbcs
1184 4119 1210 4174 el
1229 4126 1258 4175 et

137 4357 236 4487 Asg'ccs:
248 4357 287 4473 7⁸}
300 4358 409 4420 V1,484
432 4375 481 4424 seq.
496 4359 593 4410 Ernesti
612 4359 671 4410 dev.
692 4360 744 4410 Cia
763 4375 786 4411 v.
804 4379 913 4446 acroama
932 4371 956 4412 et
967 4364 1028 4414 Ere.
1042 4365 1122 4415 v111.
1142 4365 1172 4415 ad
1191 4365 1254 4414 Suet

681 4508 774 4558 Hae
