3100 5250
293 459 335 517 oa
667 453 1061 549 connumeratus

295 638 325 686 te
339 625 490 704 perliciat;
513 633 561 708 (ut
572 647 620 706 ap.
634 628 717 708 Virg.
733 631 802 691 AEn.
817 631 854 704 V,
870 639 939 700 292.
959 639 990 690 οῖ
1010 629 1078 690 486.
1120 626 1227 687 Invitat
1247 628 1348 705 pretiis
1370 628 1441 686 ωιί-

293 738 390 790 nwret
400 727 517 808 pramis
532 730 627 810 potiit)
647 732 705 792 nisi
724 731 809 791 malis
829 749 974 813 exponere
989 751 1057 791 cum
1077 728 1141 789 aliis
1155 729 1340 808 deponenda,
1362 730 1393 788 lr.
1408 751 1439 790 e.

292 830 464 909 abjicienda,
485 829 657 907 spernenda,
677 831 848 903 recusanda,
869 851 931 890 ,nou
952 829 1094 892 sumenda
1103 853 1114 901 ;
1145 848 1214 886 nam
1235 847 1304 886 cum
1325 850 1441 888 samm

288 929 426 1008 jungitur
446 928 532 1006 eique
552 929 721 1008 opponitur.
763 931 840 1003 Quae
866 941 968 1009 postea
994 929 1106 1008 cogaris
1132 929 1160 988 ei
1186 930 1308 990 reddere
1315 952 1326 1001 ι
1352 929 1438 990 Brit.

293 1037 368 1109 Qua
381 1034 474 1095 serius
486 1036 614 1110 ociusve,
628 1048 707 1098 certe
722 1057 791 1096 cum
806 1037 875 1108 vite,
896 1036 1062 1116 relinquere
1076 1035 1190 1114 cogaris
1198 1059 1208 1107 ;
1233 1037 1310 1097 Ach.
1353 1037 1437 1096 Hei·

291 1141 384 1199 necke
402 1140 466 1201 hoec
485 1141 653 1201 adnotavit:
686 1141 917 1221 “Quocumque
934 1141 1023 1200 modo
1041 1144 1131 1201 verba
1148 1143 1283 1220 accipias,
1303 1141 1434 1202 ridicula

291 1237 401 1298 Hercle
415 1242 559 1298 sententia
571 1240 686 1318 prodit:
707 1241 836 1299 maxima
848 1241 969 1320 praemia
983 1260 1020 1299 ne
1034 1253 1063 1301 te
1077 1252 1288 1310 commoveant,
1302 1253 1337 1300 ut
1353 1261 1435 1320 prte-

289 1338 349 1397 mia
365 1338 498 1417 accipias.
541 1340 617 1398 Hac
630 1352 690 1399 tam
704 1340 832 1399 absurda
845 1340 977 1411 evitabis,
999 1339 1023 1400 si
1039 1339 1158 1418 premia
1170 1341 1299 1419 ponenda
1311 1360 1434 1400 mecum

289 1438 435 1518 explices:
456 1431 587 1518 premia,
605 1461 672 1519 que
684 1460 811 1519 magnus
824 1439 935 1501 amicus
949 1439 1065 1500 conscio
1079 1440 1139 1511 dat,
1160 1451 1195 1500 ut
1207 1439 1272 1498 aliis
1285 1451 1436 1518 proponat

287 1539 328 1598 ad
347 1537 441 1598 scelus
460 1537 582 1616 aliquod
601 1524 841 1618 perficiendum.”
882 1543 956 1608 Qute
976 1541 1001 1599 si
1021 1537 1196 1600 excidissent
1217 1537 1300 1608 mihi,
1320 1538 1433 1598 iterum

288 1639 428 1698 dixisset.
450 1657 521 1698 cave
539 1637 595 1697 o'bi
608 1641 646 1698 ab
658 1639 743 1698 hac
734 1639 974 1718 interpretatione
994 1647 1134 1699 contorta
1176 1638 1283 1717 Neque
1303 1637 1433 1696 aitsunla

289 1753 367 1814 sent,
382 1761 449 1820 que
462 1740 512 1800 alii
525 1740 571 1800 his
585 1742 682 1801 verbis
695 1742 820 1820 exprimi
833 1752 948 1821 putant

330 1851 378 1904 58.
390 1842 593 1923 deceptissime,
607 1845 782 1923 gratissima.
861 1865 940 1924 gens,
963 1845 1023 1904 scil.
1045 1844 1159 1905 Graes·
1200 1843 1249 1905 60.
1263 1843 1325 1902 Nec
1334 1842 1434 1922 pudor
1534 1903 1535 1906 ,

288 1941 415 2014 adnabit
430 1943 485 2002 etsi
497 1963 536 2001 ne
549 1947 612 2002 sine
625 1943 740 2022 pudore
753 1943 875 2023 quidem
889 1943 996 2003 dehoc
1009 1943 1164 2002 homiuum
1176 1961 1283 2021 genere
1302 1941 1387 2020 loqui
1401 1953 1436 2002 et

288 2045 376 2124 quale
389 2045 427 2105 sit
439 2045 536 2107 dicere
549 2047 667 2126 possim.
751 2045 925 2120 Quirites·
899 2067 977 2106 cives
993 2047 1126 2116 Romani,
1142 2045 1327 2126 quonomine
1341 2055 1436 2123 poeta

287 2168 348 2207 non
360 2159 421 2208 tem
434 2171 506 2210 usus
518 2161 563 2210 est
575 2170 657 2209 more
670 2169 784 2218 eorum,
799 2150 850 2230 qui
864 2151 894 2208 in
908 2149 1089 2210 orationibus
1101 2149 1139 2208 ad
1151 2147 1294 2228 populum
1314 2147 1433 2206 haben-

288 2252 417 2311 discum
437 2252 479 2312 its
497 2252 699 2331 alloquuntur,
718 2271 807 2331 quam
822 2251 891 2331 quia
909 2252 1015 2313 Gracia
1028 2252 1059 2312 h.
1072 2253 1093 2310 l.
1108 2252 1153 2312 vel
1166 2253 1262 2330 potius
1277 2251 1431 2321 Romanis,
1534 2269 1535 2326 ff

289 2355 462 2415 Graecorum
474 2356 535 2415 ritu
548 2355 726 2426 viventibus,
740 2365 942 2434 opponuntur.
1027 2355 1155 2415 Groecam
1167 2355 1273 2424 urbem,
1294 2354 1430 2425 Romam,
1534 2389 1535 2394 κ

287 2475 355 2533 que
370 2456 541 2516 Graecorum
554 2474 635 2515 nunc
647 2453 759 2532 lingua,
773 2455 913 2528 moribus,
927 2465 1027 2534 gustu,
1046 2453 1173 2525 luxuria,
1193 2453 1287 2523 cultu,
1307 2452 1429 2522 deliciis,

286 2556 365 2615 ludis
377 2557 515 2635 vitiisque
529 2565 667 2635 corrupte
679 2567 725 2615 est
736 2568 768 2615 et
780 2577 798 2614 a
811 2557 907 2635 prisca
920 2556 1236 2637 virtutedegeneravit,
1252 2556 1337 2636 cujus
1347 2556 1427 2616 cives
1534 2565 1535 2602 ἓ

288 2670 357 2717 sunt
378 2658 482 2716 molles
503 2669 533 2717 et
551 2658 718 2717 effeminati.
759 2658 809 2718 Sic
833 2660 935 2719 &ceco
955 2670 985 2719 et
1009 2659 1140 2720 Groneia
1153 2660 1262 2739 passim
1279 2679 1338 2738 per
1357 2678 1429 2718 con·
1534 2674 1535 2735 ζ

287 2767 413 2815 temtum
426 2753 484 2813 dici
499 2764 530 2813 et
542 2755 678 2814 Βουιιιιιίυ
695 2756 806 2835 opponi
820 2758 929 2828 solent,
952 2770 986 2819 ut
1006 2760 1082 2819 forte
1099 2758 1190 2819 Graia
1202 2748 1353 2837 'Saguntos
1374 2757 1428 2817 sil.
1534 2760 1535 2809 ἓ

289 2857 348 2929 ΙΙΙ,
365 2864 432 2924 178.
447 2857 513 2935 (ubi
528 2877 555 2915 v.
570 2858 679 2936 Drak.)
704 2870 782 2919 certe
806 2860 897 2919 Graia
910 2861 1072 2933 munimina,
1093 2862 1141 2923 vel
1154 2870 1235 2933 tecla,
1257 2882 1319 2941 quc
1334 2860 1430 2921 Graia
1534 2922 1535 2943 ,

286 2982 386 3020 manns
407 2960 539 3039 defendit,
564 2970 594 3019 et
620 2959 719 3019 Grnioe
739 2960 822 3021 urbes
846 2963 897 3021 Sil.
921 2964 994 3034 Xll,
1010 2972 1063 3047 Ι41.
1085 2973 1133 3035 49.
1156 2964 1205 3035 69.
1246 2964 1291 3027 Cf·
1313 2964 1430 3024 Meurs.

286 3064 407 3121 Auctar.
430 3059 575 3139 Phssolog.
588 3079 614 3120 c.
629 3066 657 3126 't'-
671 3059 772 3119 Burm.
787 3060 825 3119 ad
840 3061 958 3123 Petron.
974 3064 1033 3123 Sat.
1047 3084 1073 3123 c.
1088 3064 1138 3125 46.
1151 3084 1182 3143 p.
1196 3071 1256 3134 229
1277 3084 1336 3143 seq.
1357 3064 1431 3125 But·

286 3163 373 3241 tigeri
388 3162 495 3223 Sabina
507 3183 538 3242 p.
552 3160 621 3222 286.
636 3168 693 3221 311
710 3183 772 3241 aeq.
785 3162 830 3222 ed.
844 3183 890 3243 pr.
905 3164 1027 3225 Luciam
1041 3170 1096 3246 aql
1109 3166 1157 3223 τῶν
1170 3167 1211 3223 inl
1223 3169 1305 3245 μισθῷ
1318 3167 1431 3224 neum

287 3266 302 3339 §
320 3272 366 3332 17.
381 3276 410 3323 et
424 3267 536 3344 Koenig
549 3265 587 3324 ad
602 3265 680 3324 Pers.
695 3264 750 3334 Vl,
765 3272 814 3324 88.
829 3266 880 3326 ubi
893 3266 958 3326 hse'c
971 3268 1036 3346 ejus
1048 3279 1118 3328 nota
1131 3278 1192 3327 est:
1223 3268 1431 3327 “Communis
1534 3281 1535 3294 ¹

287 3369 408 3449 querela
426 3384 488 3430 erut
511 3372 643 3431 omnium
668 3374 877 3442 Romanorum,
905 3373 987 3451 apud
1012 3393 1087 3452 quos
1113 3374 1236 3453 antiqua
1257 3371 1430 3451 simplicitas

198 3490 204 3498 ·
286 3469 385 3528 adhuc
397 3469 428 3527 in
442 3470 537 3548 pretio
557 3482 628 3541 erat,
649 3470 713 3550 jam
733 3472 770 3530 ab
791 3470 826 3530 iis
845 3471 1036 3551 temporibus,
1060 3494 1127 3552 quae
1143 3472 1292 3534 Ciceronis
1311 3481 1431 3531 etatem

286 3583 504 3652 precesserant,
519 3572 702 3650 disciplinam
721 3574 885 3633 Romanam
902 3574 1073 3634 Graecarum
1094 3574 1294 3634 doctrinarum
1312 3572 1429 3632 subtili·
1534 3582 1535 3589 ’

286 3688 346 3736 tate
359 3694 535 3753 morumque
554 3674 699 3752 pravitate
712 3688 742 3736 et
754 3676 878 3736 mollitia
890 3677 980 3737 fuisse
994 3687 1170 3756 corruptam.
1212 3677 1260 3735 Ex
1272 3675 1330 3735 hoc
1343 3676 1428 3754 quasi

286 3775 367 3834 fonte
380 3774 511 3833 manavit
523 3773 610 3832 etiam
625 3774 726 3834 odium
741 3775 772 3833 in
786 3776 871 3836 istam
885 3786 1013 3854 gentem,
1029 3796 1096 3855 quse
1110 3774 1226 3835 devicta
1234 3774 1299 3854 jam
1308 3774 1428 3834 victoris

285 3878 429 3958 superbire
443 3877 594 3957 despectui
608 3890 678 3937 erat.
720 3877 791 3951 Quo
804 3880 871 3940 odio
884 3878 1018 3938 nonnulli
1032 3880 1073 3939 ita
1086 3876 1257 3938 inflammati
1276 3888 1371 3951 erant,
1393 3888 1429 3936 ut
1534 3904 1535 3949 ι

282 3976 381 4037 literas
395 3996 513 4056 quoque
526 3986 557 4035 et
571 3976 719 4055 sapientie
733 3977 873 4047 studium,
894 3977 1005 4056 quippe
1018 3998 1037 4036 a
1050 3976 1164 4037 Graecis
1176 3985 1284 4049 ortum,
1305 3996 1428 4055 respue·
1534 4040 1535 4059 2

282 4090 349 4140 rent
369 4092 400 4139 et
417 4090 645 4140 contemnerent
666 4098 694 4138 v.
715 4079 851 4138 Juvenal.
867 4080 926 4150 ΙΙΙ,
942 4078 981 4139 60
995 4099 1055 4158 seq.
1069 4079 1123 4150 VI,
1142 4078 1189 4139 16.
1206 4084 1263 4137 185
1281 4098 1341 4158 seq.
1364 4086 1424 4148 291
1534 4066 1535 4141 J

284 4204 345 4260 seq.
358 4182 427 4254 XV,
444 4191 502 4243 110
516 4203 576 4262 seq.
591 4202 627 4240 ex
640 4182 748 4261 quibus
761 4181 833 4241 locis
845 4182 998 4261 apparebit
1010 4182 1108 4252 etiam,
1130 4189 1311 4261 quantopere
1326 4179 1426 4238 omnis
1534 4228 1535 4263 ,

287 4282 388 4340 Romae
401 4283 561 4362 composita
573 4282 684 4343 fuerint
697 4282 735 4339 sd
748 4269 921 4341 Graecorum
935 4280 1093 4342 instituta.”
1136 4284 1213 4343 Cum
1227 4278 1425 4358 descriptione

289 4403 359 4443 vcro
378 4404 492 4446 morum
513 4387 684 4465 ingeniique
698 4386 869 4443 Graecorum
884 4405 912 4443 v.
926 4392 1075 4445 88-125,
1097 4386 1173 4445 conf.
1200 4384 1261 4446 Cic.
1277 4392 1348 4443 orat.
1371 4400 1427 4461 pro
