3100 5250
415 487 467 553 IN
488 486 780 558 JUVEMAT.
804 488 901 553 XIV.
1171 492 1235 551 550

94 656 281 718 0171171111.
295 659 333 730 V,
350 662 743 734 111-111.Ρ1111.111’111,
762 671 812 733 29·
832 661 898 721 val.
920 660 1000 720 Max.
1023 662 1065 731 11,
1089 670 1137 736 1ο,
1159 670 1186 721 s.
1206 673 1236 722 et

95 760 159 817 San.
175 760 236 838 Ep.
252 770 301 831 97.
384 762 497 823 Cereris
509 765 583 837 ludi,
598 767 650 845 qui
663 766 696 824 in
709 764 878 824 Cerealibus
897 783 937 823 se.
957 762 1045 823 sacris
1065 766 1235 842 agebantur.

95 880 120 917 r.
133 860 229 920 ovid.
244 863 325 923 Fast.
340 866 394 936 IV,
409 874 470 937 890
483 888 545 946 seq.
558 880 589 927 et
602 869 669 927 Liv.
685 866 788 935 XXX,
809 873 857 935 39.
940 864 1054 945 cybeles
1074 865 1148 937 ludi,
1170 866 1235 926 Me·

94 962 211 1041 galesia,
226 965 374 1051 diversas
386 968 465 1029 ludis
474 972 599 1050 magnis.
612 991 641 1031 v.
655 970 722 1029 Liv.
737 968 856 1039 XXIX,
873 975 919 1027 14.
934 970 1000 1046 (ubi
1013 968 1091 1029 conf.
1105 968 1234 1047 Duker.)

95 1066 237 1139 XXXIV,
256 1071 410 1142 usovid.
426 1073 504 1133 Fast.
520 1073 575 1145 IV,
593 1082 651 1143 179
664 1093 726 1151 ⁸²¹1.

130 1166 307 1229 265—284.
330 1170 429 1244 Quam
454 1192 555 1232 vecors
578 1173 616 1232 sit
636 1190 791 1231 avarorum
815 1170 945 1240 audacia,
959 1170 1046 1230 docet
1057 1180 1143 1249 poeta
1156 1190 1236 1231 oom-

91 1272 245 1348 paratione
259 1292 361 1335 eorum
376 1294 444 1334 cum
458 1273 522 1335 aliis
534 1274 712 1345 hominibus,
727 1274 780 1352 q‘ui
794 1293 853 1332 non
866 1272 965 1332 minus
979 1273 1099 1351 quidem
1111 1274 1235 1335 audaces

92 1388 166 1444 sunt,
184 1380 240 1439 sed
255 1392 289 1441 ut
302 1393 436 1460 quierant
449 1382 571 1454 vietum,
586 1401 647 1440 non
660 1371 695 1440 ut
708 1380 815 1459 opibus
833 1378 969 1438 affluant:
990 1378 1070 1439 unde
1089 1380 1235 1441 temeritas

91 1481 211 1543 illorum
221 1485 377 1565 justiorem
391 1484 481 1545 habet
494 1473 718 1544 excusationem.
760 1482 845 1541 conf.
867 1482 935 1550 XV,
957 1489 996 1551 95
1018 1500 1078 1561 seq.
1180 1484 1235 1544 Pe·

91 1594 215 1656 toruum,
229 1587 355 1669 riruugu,
370 1608 470 1667 propr.
483 1607 562 1648 asser
575 1608 597 1646 a
609 1585 710 1646 tabula
722 1584 827 1663 parieti
839 1584 933 1653 affixa,
947 1583 986 1642 ad
999 1576 1088 1661 qu'am
1102 1604 1133 1644 sa
1152 1584 1237 1663 galli·

89 1706 134 1745 nae
148 1676 254 1748 volu'tu
267 1690 424 1769 recipiunt,
438 1702 473 1750 ut
486 1700 659 1769 pernoctent
666 1711 677 1759 3
697 1687 767 1748 hino
781 1686 916 1747 machina
929 1686 960 1745 in
974 1686 1066 1745 altum
1087 1708 1236 1767 suspensa,
1298 1728 1301 1735 .

89 1788 118 1846 in
134 1809 237 1867 quam,
250 1792 427 1870 gallinarum
441 1794 541 1864 instar,
556 1792 639 1871 quasi
659 1791 761 1851 volatu
782 1810 844 1851 sese
864 1791 997 1849 serebant
1016 1781 1191 1868 petauristae,
1213 1792 1238 1851 ul'

89 1890 148 1964 egle
161 1889 230 1970 ἀέρα
243 1890 290 1949 vel
303 1894 362 1972 egla
375 1889 455 1971 αὔρας
468 1892 593 1949 sirmas.
637 1889 684 1948 lta
704 1888 817 1965 Grang.
831 1888 884 1965 qui
897 1887 985 1947 etiam
999 1898 1108 1959 mouet,
1122 1908 1141 1947 a
1153 1889 1234 1949 Mer·

87 1987 195 2045 curiali
209 1999 239 2047 et
252 1970 355 2067 Lipsio
368 2000 525 2066 petaurum
538 1986 677 2064 explionri
691 1984 729 2043 de
741 1984 877 2043 maehina
889 1984 997 2061 lignea,
1008 1986 1114 2045 nostris
1126 1985 1234 2045 oscillis

86 2084 191 2153 simili,
206 2107 265 2163 qua
277 2086 411 2142 homines
423 2084 495 2143 rotis
508 2084 539 2141 in
556 2090 655 2141 aerem
664 2082 854 2159 jactarentur,
869 2100 887 2137 a
901 2080 1007 2157 Scalig.
1021 2084 1164 2143 autemsd
1177 2084 1233 2145 loc.

84 2182 175 2241 class.
192 2182 295 2240 Manil.
308 2174 348 2251 V,
363 2189 422 2241 453
437 2202 496 2259 seq.
510 2180 549 2239 de
564 2189 638 2249 rota,
653 2178 684 2237 in
698 2178 817 2237 sublimi
832 2178 927 2256 potita
947 2188 977 2237 et
996 2198 1014 2237 a
1033 2178 1148 2240 duobus
1168 2201 1233 2241 ver.

82 2299 162 2358 sata,
178 2287 271 2347 altero
284 2308 418 2366 superne,
433 2288 524 2347 altero
538 2286 652 2345 inferne
665 2285 787 2354 nitente,
803 2284 845 2342 ita
857 2293 891 2342 ut
904 2282 1023 2343 alternis
1036 2285 1141 2364 dejecti
1155 2307 1234 2348 nuno

84 2390 265 2469 penderent,
289 2410 369 2451 nuno
390 2400 470 2450 reete
491 2390 634 2449 sederent.
686 2386 807 2446 Petauri
828 2386 920 2457 ludus,
942 2406 1024 2466 quum
1043 2408 1099 2466 per
1116 2387 1234 2449 circulor

87 2490 231 2569 quirpium
255 2490 339 2550 oelrei
363 2510 447 2549 curru
472 2488 634 2558 transvolat,
658 2506 773 2567 corpore
792 2486 832 2545 ils
852 2484 962 2555 librato,
983 2494 1013 2545 ut
1034 2478 1166 2547 circuiunt
1180 2510 1234 2549 nou

88 2591 238 2672 offendul,·
260 2592 345 2652 Alex.
359 2595 398 2654 ab
412 2593 497 2653 Alex.
513 2591 572 2661 ΙΙΙ,
588 2598 636 2651 21.
678 2589 754 2648 Rutu
774 2588 937 2649 tramisso
956 2589 1034 2650 toties
1055 2590 1161 2650 intorta
1179 2612 1234 2673 pe.

90 2700 173 2749 tauro
190 2692 277 2752 Murt
292 2691 349 2762 Xl,
365 2699 415 2764 22,
430 2699 458 2751 5.
499 2690 596 2749 Variae
615 2688 959 2767 umen-petauristarum
978 2697 1054 2748 artes
1078 2689 1168 2750 fuisse
1187 2690 1233 2750 ri-

91 2790 209 2850 dentur.
250 2792 296 2850 cf.
312 2793 428 2851 Petron.
442 2811 469 2850 c.
485 2795 533 2855 47.
549 2796 596 2849 53.
609 2799 639 2848 et
655 2785 703 2847 60.
716 2788 748 2846 it
762 2787 867 2865 fragm.
893 2794 938 2845 13.
960 2798 990 2847 et
1010 2787 1087 2848 Fert.
1101 2827 1141 2841 -
1161 2786 1231 2849 266.

92 2889 273 2968 Designatur
286 2891 485 2961 funambulus,
502 2887 672 2970 σχωοβάτης
684 2899 715 2947 et
728 2886 884 2968 uuguffltnc·
895 2885 922 2924 ³⁰

129 2993 191 3060 267
206 3014 266 3072 aeq.
288 2993 336 3053 Tu
350 2993 445 3053 multo
459 2993 599 3072 majorem
612 2991 689 3050 risus
703 2989 924 3069 voluptatisque
938 2987 1088 3050 materiam
1108 2992 1231 3067 proebea,

93 3094 140 3170 qui
154 3113 217 3153 non
231 3093 337 3162 victus,
352 3093 402 3153 sed
416 3093 491 3153 lucri
506 3090 657 3170 quarendi
671 3109 758 3150 eausa
778 3109 893 3168 semper
913 3089 1033 3167 navigas
1052 3100 1083 3148 et
1101 3089 1233 3168 negotia·

92 3196 139 3265 ris,
153 3195 239 3256 nulla
252 3195 376 3274 periculi
390 3195 502 3254 ratione
521 3193 630 3253 habita.
735 3191 866 3271 Corycio,
887 3191 1017 3250 Cretensi
1026 3213 1036 3262 ς
1057 3191 1147 3270 epith.
1169 3211 1231 3251 orn.

94 3296 217 3372 petitum
241 3317 259 3355 s
280 3306 453 3366 mercatura,
480 3314 567 3376 quam
588 3290 659 3352 olim
684 3293 836 3352 Cretenses
860 3292 1045 3370 potissimum
1066 3291 1231 3365 faciebant3

95 3417 150 3475 quo
173 3400 265 3459 etiam
288 3399 439 3477 sequentia
464 3406 605 3476 spectant
614 3396 638 3433 ³¹
684 3394 808 3474 Corycus
821 3415 843 3452 s
860 3393 995 3472 Corycum
1007 3395 1079 3454 urbs
1098 3408 1128 3454 et
1146 3415 1230 3456 mons

95 3497 233 3559 ctera&
245 3533 287 3547 -
306 3497 554 3558 statuendus
570 3495 643 3555 Coro
664 3495 706 3570 (v.
727 3493 766 3550 ad
780 3493 826 3564 X,
852 3493 934 3570 180.)
957 3511 1024 3551 cum
1045 3513 1128 3564 nave,
1150 3496 1229 3555 iutu-

94 3601 287 3661 mesoentibus
310 3600 463 3660 fluctibus:
485 3618 541 3677 pro
562 3607 655 3656 voest.
678 3593 802 3653 tollenda
844 3593 915 3664 269.
936 3595 1079 3669 Per-dilus,
1101 3598 1232 3658 rniserrl·

95 3717 164 3770 mus,
179 3699 261 3759 omni
274 3719 351 3778 saepe
365 3698 476 3760 ratione
489 3715 589 3775 serpe
602 3693 767 3756 destitutus.
849 3693 925 3754 rucei
936 3693 1041 3765 olentis,
1056 3697 1143 3769 croci,
1157 3717 1236 3776 opo-v

127 3947 145 3976 ·
163 3947 195 3996 de
205 3946 275 4011 cujus
284 3953 335 3993 arte
344 3959 367 3991 r.
378 3945 464 3993 Burin.
479 3942 579 3992 Anthol.
589 3943 643 3992 Lat.
711 3941 730 3972 ¹
742 3937 896 3990 Britannicus
906 3948 930 3988 et
940 3938 981 3988 alii
992 3939 1112 4000 epitheton
1123 3937 1230 3988 referunt

101 4007 151 4058 111.
177 4011 226 4073 Ep.
250 4017 304 4060 179.
327 4008 475 4057 Wernsrlorf.
498 4009 566 4057 Poet.
588 4008 644 4056 Lat.
678 4004 710 4055 ad
723 4007 850 4068 Corycum,
866 4003 1043 4065 Cilialnprorn.
1062 4013 1087 4051 et
1104 4003 1226 4065 oppidum,

101 4075 155 4123 min.
169 4077 202 4125 T.
216 4076 266 4125 VI.
277 4091 302 4137 p.
314 4081 371 4124 669.
384 4080 440 4124 570.
462 4073 576 4122 Pnudeut.
591 4073 647 4121 Ho-
678 4081 708 4120 ut
725 4071 792 4118 uaria
807 4068 945 4132 designetur
963 4067 1096 4116 errabunda
1105 4078 1130 4117 et
1145 4084 1229 4131 propa-

101 4140 191 4205 martig.
204 4157 227 4189 r.
239 4147 288 4191 566
298 4155 348 4204 seq·
362 4140 463 4200 Niseplu
479 4139 579 4201 Gregor.
592 4138 647 4186 hist.
680 4135 781 4184 modurn
802 4135 949 4196 praedatoria,
970 4148 1047 4196 quum
1067 4148 1151 4181 armus
1171 4149 1226 4182 oon-

103 4203 200 4265 Bysant.
216 4207 297 4261 Vlll,
312 4211 349 4253 10.
363 4209 506 4266 1111141111.
521 4201 646 4250 111.Ρώ
680 4209 755 4250 temto
771 4199 838 4247 omui
857 4197 963 4260 periculo
981 4199 1029 4246 ltus
1045 4205 1070 4246 et
1087 4197 1145 4248 illuc
1162 4200 1227 4248 nari.

104 4267 650 4330 170611111111111,17.Μ11111.1’,650111].
680 4264 761 4328 gando
778 4265 844 4313 luera
865 4273 974 4318 summor.
995 4279 1044 4326 quo
1064 4278 1130 4311 more
1150 4275 1229 4316 errent

128 4335 144 4364 ⁸¹
164 4335 236 4385 Conl'.
251 4334 383 4384 miscunt.
401 4334 432 4383 ad
450 4333 537 4381 Horat.
555 4331 603 4382 Od.
623 4331 645 4387 l,
680 4329 774 4387 Cilices,
786 4329 868 4391 piratas
876 4327 1003 4376 avisant
1030 4327 1076 4378 Sed
1087 4328 1112 4377 lu
1123 4344 1224 4394 maeq-

104 4401 260 4456 1151185,
278 4407 302 4449 7·
321 4399 473 4468 Mart-2111,
488 4403 528 4454 65,
550 4403 573 4446 2
594 4397 645 4453 IX,
677 4395 708 4444 ds
720 4395 845 4444 Cretains.
858 4393 944 4458 agitur.

101 4467 136 4520 89.
148 4471 171 4515 5.
186 4465 239 4526 Xl,
250 4472 274 4524 0,
285 4471 309 4514 2
