3100 5250
295 386 515 459 MORIBUS
537 392 601 457 ET
623 392 880 461 SCRIBENDI
905 392 1107 461 GENERE.
1209 396 1270 455 615

140 572 237 633 neque
251 578 429 641 quemquam
441 568 530 647 fugit,
553 580 675 652 quantus
693 570 813 651 plausus
834 588 941 631 scurra
954 568 1063 647 passim
1075 578 1106 627 et
1118 564 1270 655 sanniones

139 658 260 723 tulerint
272 665 371 726 nostra
383 672 523 731 memoris
535 673 567 731 in
579 653 764 754 philosophis
778 673 877 735 critica
890 670 1059 738 deridenda,
1080 668 1153 727 dum
1166 667 1269 725 defen-

138 780 218 821 sores
229 766 294 843 ejus
307 768 464 831 doctissimi
477 786 566 853 stque
578 777 738 836 acutissimi
750 774 961 834 nonintellecti
981 773 1024 831 illi
1044 771 1163 851 quidem
1183 789 1270 829 causa

138 862 277 923 cecidisse
296 868 458 929 videantur.
500 874 732 934 Innumerabiles
753 884 894 953 praeterea
917 884 984 933 sunt
1006 870 1141 939 rationes,
1163 869 1271 946 quibus

136 962 283 1026 Horatius
295 989 366 1030 usus
378 984 431 1043 est,
455 976 494 1034 sd
506 996 570 1035 rem
582 977 710 1055 aliquam
722 976 802 1035 baud
815 994 881 1033 raro
900 974 1050 1052 vulgarem
1070 971 1206 1033 novitate·
1218 970 1271 1029 ali·

136 1086 199 1145 qua
217 1080 249 1127 et
267 1068 418 1132 venustate
438 1077 709 1157 commendandum,
732 1094 799 1153 quae
819 1073 1091 1153 ingeniosissimum,
1114 1069 1273 1131 remetissi·

133 1181 223 1223 mum
237 1166 413 1248 rationisque
430 1171 569 1231 humanae
588 1166 796 1251 peritissimum
817 1172 957 1241 indicant,
978 1170 1273 1249 politissimorumque

135 1260 293 1323 hominum
316 1268 490 1329 commercio
509 1280 540 1329 et
558 1270 767 1330 comuetudine
781 1290 877 1341 usum,
901 1288 1026 1348 quarum
1045 1288 1138 1347 pauca
1157 1278 1272 1327 tentum

136 1360 263 1439 vestigia
274 1363 307 1422 in
321 1365 421 1425 Persio
433 1368 702 1447 deprehenduntur.
743 1360 851 1448 Neque
868 1388 937 1428 saue
950 1378 1004 1439 est,
1025 1366 1106 1444 quod
1123 1366 1274 1433 miremur,

137 1461 181 1523 ita
201 1484 232 1523 se
251 1485 315 1527 rem
332 1468 449 1529 habere·
491 1472 609 1531 Etenim
633 1471 765 1532 satiricus
779 1471 810 1530 in
824 1470 978 1530 hominum
999 1466 1165 1547 frequentia
1187 1464 1275 1525 debet

137 1563 257 1634 vermis
271 1576 419 1627 uteorum
432 1569 559 1649 ingenis,
575 1591 680 1641 mores,
696 1572 764 1632 vitre
779 1569 1021 1630 consuetudinem
1034 1576 1199 1644 cognoscet,
1214 1582 1274 1623 non

139 1663 173 1722 in
186 1667 292 1726 umbrs
303 1680 334 1727 et
346 1668 511 1741 solitudine,
525 1672 557 1731 in
570 1693 630 1751 qus
641 1674 783 1753 majorem
795 1673 864 1733 vitae
878 1676 993 1752 partem
1014 1668 1130 1729 Persius
1144 1666 1275 1745 exegisse

138 1762 266 1823 videtur.
307 1766 368 1839 Qui
390 1770 510 1849 quidem
535 1770 568 1829 in
587 1770 741 1830 hominum
771 1772 903 1831 moribus
924 1782 954 1830 et
974 1767 1051 1829 vitiis
1078 1763 1276 1829 describendis

139 1884 255 1925 summa
277 1869 370 1927 utitrrr
394 1870 547 1947 diligentis
570 1872 775 1949 coloribusque
796 1871 1047 1949 exquisitissimis:
1074 1869 1126 1928 sed
1139 1868 1172 1925 in
1184 1866 1277 1926 linea·

138 1968 257 2037 mutis,
272 1988 338 2045 quae
352 1970 440 2029 ducta
453 1982 605 2039 sunt-non
617 1972 715 2030 levem
728 1984 758 2029 et
771 1972 855 2048 quasi
869 1972 1005 2047 fugacem
1019 1969 1137 2029 artificis
1146 1988 1276 2041 manum,

139 2070 196 2128 sed
209 2069 360 2128 timentem
373 2080 404 2128 et
416 2069 447 2127 in
460 2071 583 2130 minutis
601 2073 771 2130 mensutam
792 2068 935 2141 adnoscis,
959 2080 995 2128 ut
1015 2070 1112 2129 statim
1131 2070 1278 2147 adpareat,

140 2176 280 2225 naturam
293 2167 348 2227 sibi
361 2167 454 2246 ipsam
466 2187 536 2227 eum
548 2188 608 2228 non
620 2170 817 2248 proposuisse,
831 2167 882 2227 sed
896 2167 1013 2245 regulus
1027 2176 1160 2226 secutum
1173 2162 1235 2225 esse
1248 2176 1279 2225 et

140 2276 301 2343 precepta,
322 2286 415 2344 esque
434 2266 576 2326 imitando
594 2268 779 2347 expressisse,
801 2288 868 2347 quae
877 2268 941 2346 jam
952 2265 992 2324 sb
1004 2266 1068 2325 aliis
1081 2284 1217 2345 expressa
1234 2264 1279 2336 vi,-

141 2363 230 2423 ‹lerit
271 2365 347 2429 Quae
359 2384 577 2444 causa-quoque
589 2377 642 2436 est,
656 2378 691 2426 ut
704 2365 767 2426 loca
781 2365 916 2447 quasdam
928 2384 988 2423 non
997 2363 1088 2442 polita
1101 2362 1198 2421 solum
1211 2361 1279 2421 dili-

141 2471 258 2540 genter,
281 2460 334 2520 sed
352 2462 435 2521 cultu
456 2484 580 2541 operoso
602 2463 734 2542 undique
754 2461 885 2523 conlecto
904 2480 989 2540 pene
1002 2460 1099 2539 rigida
1109 2458 1278 2531 uideantur,

142 2558 280 2640 quasdam
292 2560 418 2619 oratorio
430 2562 499 2621 fuco
509 2562 583 2622 adeo
595 2563 731 2634 obducta,
744 2572 789 2636 ut,
804 2583 870 2641 quse
880 2560 1003 2632 subsint,
1017 2578 1104 2619 nemo
1114 2558 1279 2640 perspicere

143 2658 245 2737 possit
287 2659 379 2718 Porro
402 2679 458 2729 res,
482 2661 626 2740 exempla,
654 2662 870 2734 similitudines,
898 2683 964 2742 quse
984 2671 1198 2741 proponuntur,
1220 2677 1281 2717 non

144 2758 227 2818 domi
249 2769 318 2820 nsts
336 2771 388 2819 sut
400 2773 520 2840 sponte
535 2765 654 2836 oborta,
669 2764 722 2823 sed
742 2763 842 2824 schola
863 2763 999 2822 videntur
1023 2761 1129 2833 adlata,
1158 2760 1281 2840 ideoque

144 2877 224 2935 saepe
236 2876 297 2916 non
309 2870 429 2916 movent
441 2859 573 2918 animum
597 2859 722 2931 lectoris,
744 2882 800 2921 nec
819 2861 969 2940 inopinato
982 2860 1100 2932 feriunt,
1126 2857 1178 2920 sed
1197 2857 1281 2936 frigi·

144 2959 220 3018 dum
240 2958 411 3037 relinquunt
431 2960 571 3020 adhibitas
594 2961 665 3022 artis
687 2963 905 3025 admiratorem.
947 2962 1024 3036 Ques
1044 2960 1243 3030 videsomnis,
1264 2981 1283 3020 a

144 3057 254 3136 quibus
269 3077 307 3116 ne
321 3058 424 3136 optimi
437 3057 559 3137 quidem
574 3060 772 3120 Romanorum
784 3074 880 3140 poetae
900 3061 1019 3120 omuino
1039 3059 1125 3120 liberi
1145 3069 1223 3129 sunt,
1245 3079 1282 3118 ex

144 3167 324 3237 praepostera
336 3156 486 3218 rhetorum
506 3158 669 3240 disciplina,
691 3170 837 3239 questum
849 3160 976 3220 maxime
996 3160 1097 3238 vigere
1117 3158 1217 3238 coepit,
1237 3178 1282 3218 re-

144 3257 210 3337 peti
229 3268 362 3336 possum,
386 3281 445 3338 qua
463 3261 547 3341 prius
568 3260 714 3322 discerent
728 3261 862 3339 juvenes,
887 3258 1135 3338 quemadmodum
1162 3259 1282 3318 inventa

143 3372 246 3421 essent
268 3361 427 3431 mscmuds,
455 3383 544 3441 quam
566 3365 624 3444 ipsi
646 3382 747 3424 rerum
775 3361 941 3448 cognitione
962 3362 1031 3422 setis
1044 3362 1194 3433 instructi,
1215 3383 1283 3440 quae

144 3463 257 3541 cuique
276 3473 450 3552 argumento
469 3463 565 3524 forent
583 3465 814 3535 adcommodata,
840 3463 970 3534 iuvenire
983 3477 1014 3524 et
1026 3466 1191 3544 excogitare
1205 3465 1284 3526 vale

147 3572 244 3653 rents,
266 3561 390 3639 fierique
412 3562 660 3625 omninoneoesse
679 3563 747 3635 fuit,
771 3573 814 3633 ut,
840 3562 912 3622 dum
932 3564 1078 3626 memoriae
1101 3557 1217 3624 infinita
1236 3563 1286 3622 illa

147 3662 536 3744 prsecepta‘inculesrentur,
550 3665 671 3744 ,ipsique
683 3666 715 3725 in
726 3666 859 3744 legendis
874 3667 967 3744 postis
981 3678 1011 3727 et
1024 3667 1188 3728 oratoribus
1200 3664 1239 3724 ad
1252 3683 1287 3724 ee

148 3785 266 3844 semiper
278 3765 409 3825 animum
422 3766 624 3837 adtenderent,
638 3764 727 3846 seque
740 3767 771 3826 in
785 3767 843 3826 illis
856 3767 1029 3831 adhibendis
1042 3776 1220 3838 exercerent,
1231 3765 1287 3850 in-

150 3864 274 3944 genium
286 3863 455 3943 neglectum
467 3878 656 3935 mitesceret,
671 3868 823 3944 omnisque
845 3867 1012 3946 generosior
1026 3877 1057 3926 et
1069 3865 1154 3925 altior
1168 3863 1287 3942 spiritua

150 3978 203 4027 sut
216 3966 459 4046 exstingueretur,
474 3978 526 4028 aut
539 3968 641 4028 saltem
654 3970 737 4048 quasi
750 3969 942 4048 compedibus
955 3967 1124 4038 vinciretur,
1145 3987 1212 4046 quae
1225 3985 1288 4026 om·

150 4090 220 4129 nem
232 4069 359 4130 liberum
373 4091 493 4130 cursum
505 4071 686 4130 retardarent
698 4082 730 4132 et
741 4071 927 4150 impedirent.

193 4172 363 4233 Dramatica
384 4174 469 4246 ratio,
495 4179 568 4253 qua'
581 4194 660 4253 saepe
685 4174 853 4235 felicissime
878 4174 1019 4234 Horatius
1040 4173 1142 4246 utitur,
1166 4191 1288 4254 queque

151 4272 312 4351 prudenter
325 4272 457 4332 adbibita
469 4274 501 4332 in
513 4274 609 4334 satiris
628 4283 689 4334 non
707 4273 812 4334 ultima
824 4273 889 4334 lsus
901 4285 954 4344 est,
977 4273 1008 4332 in
1023 4274 1129 4344 Persio,
1151 4272 1203 4352 qui
1224 4291 1288 4330 eam

151 4395 272 4452 quoque
292 4377 425 4448 tentavit,
446 4376 553 4438 multas
573 4375 864 4460 creat'difficultstes.
893 4375 1024 4446 ,Etenim
1045 4375 1133 4437 modo
1152 4375 1290 4436 adversm.

641 4473 719 4537 Qqs
