3100 5250
317 472 378 531 114
633 502 636 506 ·
685 464 1082 532 COMMENTARIUS

311 641 381 702 dolo
394 648 488 720 cupis,
504 640 546 715 (v.
558 638 623 698 Liv.
638 640 663 710 1,
678 649 726 702 53.
743 645 805 720 54.)
827 641 906 700 unde
919 640 949 698 h.
964 639 983 699 l.
1001 635 1192 719 simplicibus‚·
1214 636 1268 696 etsi
1284 645 1342 716 yet.
1358 637 1464 698 seno.

311 743 455 824 explicat:
477 761 537 801 non
549 743 667 802 ornatis.
752 743 852 813 Tibur,
874 743 959 824 (hod.
978 740 1082 819 Tiuoli)
1104 759 1174 818 opp.
1195 738 1284 810 Latii,
1303 739 1335 798 in
1350 740 1461 800 acclivi

308 846 396 915 orcis,
410 845 441 903 h.
452 865 477 904 e.
490 845 598 904 montis
612 865 634 904 s.
648 844 741 915 collis,
755 845 839 921 (nam
851 863 917 916 urs,
932 855 968 902 ut
982 843 1036 900 Gr.
1050 841 1120 922 ἄκρα
1133 853 1164 900 et
1178 839 1258 920 lngus,
1273 842 1370 920 poetis
1384 861 1456 920 pro·

310 947 376 1026 prio
395 944 542 1025 quidquid
562 944 656 1004 altum
678 955 733 1013 cst,
757 943 890 1022 adeoque
916 962 1000 1002 mons
1019 953 1050 1002 et
1069 941 1162 1010 collis,
1187 941 1236 1000 vel
1257 942 1321 1019 ejus
1343 955 1458 1012 vertex,

309 1041 418 1104 &inde
431 1040 512 1120 quod
524 1041 556 1098 in
570 1039 644 1100 ooile
657 1048 688 1100 ct
700 1038 786 1098 editis
800 1038 871 1100 locis
882 1039 1011 1120 positum
1025 1050 1079 1110 est,
1094 1038 1171 1116 inpr.
1185 1041 1332 1118 ungimine,
1341 1049 1373 1098 et
1386 1038 1458 1098 hinc

311 1139 407 1219 simpl.
421 1141 492 1198 urbs
504 1138 627 1216 dicitur)
640 1137 731 1197 latere
744 1138 906 1210 conditum,
920 1137 1000 1196 unde
1014 1136 1046 1196 h.
1060 1136 1079 1193 l.
1089 1135 1188 1214 proni,
1206 1147 1236 1194 et
1250 1136 1384 1214 supinum
1405 1145 1454 1216 ap.

310 1238 387 1300 Hor.
401 1237 461 1298 Od.
473 1236 534 1306 111,
548 1243 578 1305 4,
592 1243 640 1296 23.
662 1235 707 1294 Cf.
720 1236 759 1295 od
774 1235 826 1296 sit.
841 1235 896 1307 IV,
920 1241 1038 1302 187.-
1049 1240 1115 1302 193.
1140 1232 1264 1304 Tibicen,
1280 1233 1385 1303 fulcra,
1400 1235 1453 1292 ad-

310 1335 449 1396 m'iniculu
461 1333 660 1395 aedificiorum.
680 1333 706 1392 F
707 1345 804 1394 estun
827 1332 884 1392 dici
898 1333 939 1392 ilo
954 1331 1148 1392 existimantur
1156 1330 1283 1392 tibicines
1294 1351 1311 1388 o
1322 1331 1457 1392 similitu-

308 1437 375 1498 dine
392 1435 469 1496 tlbsls
481 1435 647 1505 canentium,
669 1436 718 1515 qui
736 1445 767 1494 ut
787 1443 918 1494 canentes
937 1434 1084 1504 sustinent,
1104 1434 1145 1492 ilo
1166 1433 1207 1493 illi
1217 1433 1354 1511 ,tedisium
1375 1435 1405 1493 k.
1428 1457 1453 1494 e.

310 1557 405 1598 mn
415 1545 499 1596 teoto.
517 1537 584 1598 Vct.
599 1537 696 1598 Schol.
709 1537 854 1618 explicat:
877 1537 1068 1610 tibicinatam,
1089 1547 1239 1616 tamquam
1260 1535 1378 1596 tibicina
1391 1537 1411 1596 i.
1426 1561 1453 1596 e.

310 1635 412 1716 &scili
425 1634 554 1694 materia.
598 1641 665 1704 194.
679 1635 729 1706 sic,
743 1634 869 1695 fulciens
883 1635 962 1694 aedes
982 1635 1063 1728 tenui
1078 1633 1207 1704 tibicine,
1225 1633 1373 1712 appositis
1388 1634 1457 1694 tibi·

310 1737 424 1798 ciuibus
436 1736 599 1807 levissimis,
612 1736 738 1796 exilibus
752 1735 856 1797 fulcris
869 1748 957 1816 atque
971 1734 1142 1804 columellis,
1165 1735 1328 1808 lubentibus,
1342 1737 1453 1796 ruenti-

309 1841 377 1910 bus,
397 1850 450 1898 aut
471 1851 550 1898 certe
575 1858 645 1899 mox
667 1839 803 1918 lapsuris,
828 1840 946 1910 casuris,
970 1838 1085 1898 minam
1108 1838 1286 1898 minantibus
1314 1839 1456 1912 aedificiis,

309 1941 408 2011 obstat,
431 1941 577 2009 subvenit,
603 1941 719 2019 lapsum
743 1953 774 2001 et
797 1941 914 2000 ruinam
939 1941 1046 2002 aelium
1076 1941 1222 2018 prohibet,
1257 1939 1374 1998 Villicus
1401 1955 1454 2001 oet.

316 2043 432 2104 Villicus
443 2043 561 2122 proprie
575 2041 692 2114 dicitur,
714 2044 766 2121 qui
788 2043 875 2112 villae,
899 2053 929 2102 et
949 2041 1065 2116 deiude,
1087 2043 1139 2121 qui
1153 2043 1216 2101 aliis
1230 2063 1348 2122 quoque
1364 2045 1454 2104 rebus

310 2146 531 2225 &prefectus
554 2148 581 2204 'v.
596 2165 621 2204 c.
635 2145 743 2206 villicus
762 2145 870 2214 ororii,
892 2145 1041 2212 hortorum,
1066 2164 1168 2224 uquoe:
1190 2143 1243 2204 sed
1262 2143 1327 2204 nt
1344 2145 1457 2206 villicus

309 2254 355 2302 est
367 2241 414 2300 vel
427 2241 575 2310 domiuus,
587 2261 622 2301 eo
635 2241 725 2300 modo
738 2241 816 2304 aedes
832 2261 980 2320 reparans,
995 2263 1055 2321 quo
1070 2241 1187 2301 villicus
1202 2241 1311 2302 rustica
1324 2241 1456 2314 mdificiu,

310 2349 466 2399 contentus
477 2339 624 2398 obducere
637 2339 686 2398 vel
698 2341 851 2398 obstruere
870 2340 959 2400 rimus
978 2340 1183 2418 parietumque
1200 2340 1282 2413 vitiu,
1305 2352 1338 2400 ut
1352 2341 1456 2401 sumti·

309 2441 368 2500 bus
379 2448 498 2518 paruat3
518 2437 566 2498 vel
581 2439 740 2499 Proei'ectua
754 2439 840 2510 Urbi,
856 2439 950 2518 quiet
963 2439 1015 2500 inf.
1028 2439 1082 2510 lv,
1094 2447 1142 2508 77.
1157 2439 1272 2500 sutirioe
1285 2440 1327 2498 ita
1336 2439 1457 2510 dicitur,

309 2547 341 2596 et
351 2535 428 2594 forte
441 2536 497 2594 sub
511 2535 742 2613 imperatoribus
754 2537 884 2615 aliquam
898 2537 1007 2598 tedium
1022 2537 1202 2616 privatarum
1223 2557 1324 2597 curum
1344 2537 1456 2616 gessit;

310 2636 358 2698 uel
372 2636 493 2708 AEdiles,
506 2636 560 2716 qui
572 2648 651 2697 certe
664 2637 741 2697 hanc
754 2658 855 2697 curam
868 2639 910 2697 rei
922 2638 1049 2717 publicae
1062 2651 1093 2699 et
1108 2638 1261 2718 Papiniani
1272 2639 1457 2721 temporibus

310 2740 455 2801 habuere:
476 2758 545 2797 nam
559 2740 693 2817 quiante
707 2740 902 2819 Papinianum
916 2750 1026 2821 etpost
1040 2720 1213 2820 Augustum
1226 2762 1290 2801 eum
1306 2742 1455 2815 habuerit,

310 2862 372 2904 nou
384 2841 453 2903 satis
466 2852 588 2902 constat.
628 2842 673 2900 cf.
688 2842 802 2903 Ferrur.
818 2841 911 2903 Elect
928 2842 970 2912 11,
988 2852 1018 2913 9.
1061 2844 1140 2903 Nota
1160 2842 1236 2905 neh.
1256 2855 1313 2903 est:
1349 2852 1370 2881 “
1386 2845 1457 2922 Ego

310 2941 411 3001 malim
423 2938 549 3019 intelligi
562 2940 761 3000 subrusticum
773 2960 926 2999 murorum
947 2952 1131 3014 structorem,
1154 2942 1206 3023 (un
1225 2960 1323 3015 muqon
1342 2941 1378 2998 dc
1399 2940 1458 2998 uil-

310 3044 388 3123 luge)
402 3042 451 3103 cui
465 3041 600 3101 dominus
614 3041 805 3103 resarciendae
826 3042 932 3103 domus
952 3042 1076 3103 labentis
1087 3063 1190 3129 'curam
1204 3042 1330 3115 mandat,
1349 3062 1389 3101 ne
1405 3043 1458 3101 ni-

273 3208 282 3223 ·
308 3145 385 3205 mios
398 3154 513 3205 sumtus
528 3143 624 3204 facist
719 3143 768 3202 Sic
789 3144 818 3201 h.
834 3143 853 3202 l.
875 3156 910 3203 ut
929 3142 1017 3213 οὕτως,
1039 3165 1095 3225 pro
1116 3146 1294 3227 negligenter,
1320 3144 1459 3225 languide

311 3246 425 3305 dictum
445 3258 531 3326 putat
553 3245 644 3305 Hein.
685 3246 730 3305 Cf.
756 3245 896 3306 Passerat.
921 3258 951 3307 et
973 3246 1104 3307 Broulth.
1127 3248 1164 3306 ad
1189 3249 1276 3327 Prop.
1303 3246 1329 3317 1,
1351 3255 1380 3316 3,
1404 3254 1456 3309 st.

310 3346 410 3407 Schol.
422 3349 462 3408 ad
474 3348 610 3429 Sophocl.
624 3348 673 3429 Aj.
691 3355 777 3418 1198.
792 3348 884 3428 (οὕτως
899 3352 955 3408 ἀντὶ
968 3354 1022 3421 τοῦ,
1037 3352 1069 3417 ὡς
1082 3348 1173 3431 ἔτυχε)
1188 3352 1283 3430 intpp.
1303 3350 1376 3409 Hor.
1393 3352 1455 3409 Od.

272 3528 276 3533 ‚
310 3447 358 3518 ll,
375 3456 422 3520 11,
438 3457 485 3508 14.
498 3461 529 3509 et
541 3451 657 3530 Evsug.
671 3450 741 3511 Joh.
756 3451 810 3520 IV,
825 3450 854 3511 6.
896 3452 955 3511 Sed
968 3451 1098 3532 vulgaris
1118 3473 1236 3533 quoque
1250 3452 1329 3513 vocis
1342 3454 1456 3532 signifi·

310 3548 432 3609 cstioh.
444 3549 466 3607 1.
480 3553 625 3612 convenit.
669 3552 734 3625 196.
739 3554 824 3633 jubet
845 3553 964 3613 donnino
982 3575 1106 3627 neuros,
1127 3576 1187 3627 eos,
1213 3557 1265 3635 qui
1286 3557 1318 3617 in
1338 3556 1454 3617 cedibus

308 3646 454 3719 hubitant,
474 3648 522 3708 uel
536 3649 694 3728 inquilinos
709 3652 818 3711 aedium
831 3652 1014 3730 privatarum
1027 3653 1259 3735 insularumque,
1280 3654 1363 3734 quusi
1378 3668 1457 3715 sarta

311 3747 470 3819 securint,
484 3748 569 3807 ruina
578 3749 725 3827 pendente,
739 3750 937 3831 impendente.
980 3760 1048 3823 197.
1070 3753 1219 3813 Vioendum
1240 3762 1280 3817 eu
1301 3754 1369 3825 illic,
1393 3754 1456 3813 Ga-

310 3850 377 3921 biis,
391 3849 538 3921 Volsiniis,
554 3849 709 3922 Proneste,
731 3851 843 3912 Tibure
857 3852 958 3913 aliisve
971 3853 1130 3933 oppidulis.
1176 3855 1260 3914 Cous.
1275 3875 1303 3913 v.
1321 3862 1379 3924 190
1394 3875 1456 3933 seq.
1530 3910 1531 3917 ,

311 3957 381 4009 223.
395 3957 465 4010 224.
489 3949 541 4009 sed
560 3960 591 4009 et
609 3948 639 4008 h.
653 3949 673 4008 l.
694 3950 766 4010 Ver.
782 3952 915 4011 Lect—
928 3959 995 4021 198.
1009 3952 1099 4030 poscit
1121 3972 1232 4033 aquom,
1259 3951 1327 4030 quia
1348 3952 1458 4013 dumus

312 4046 405 4106 urdet.
445 4046 620 4124 Grangoeuu
633 4046 698 4107 coll.
713 4047 856 4119 Quinctil.
872 4046 1004 4107 Declam.
1019 4048 1103 4119 x11,
1123 4048 1188 4111 hoec
1201 4052 1291 4110 verbo
1304 4050 1395 4111 refert
1414 4050 1459 4109 ad

311 4148 402 4207 ritum
414 4149 578 4229 antiquum,
594 4170 654 4227 quo
667 4170 744 4227 equs
756 4148 893 4209 incendio
906 4149 1055 4210 inclamari
1063 4151 1183 4230 publice
1193 4150 1312 4211 solebat.
1385 4150 1459 4231 jam

302 4245 424 4324 friuolo,
449 4270 504 4319 res,
527 4250 654 4311 sarcinas
666 4261 697 4309 et
709 4270 778 4308 vasu
798 4250 914 4322 viliora,
936 4249 1083 4330 transfert,
1105 4264 1261 4331 postquam
1274 4272 1321 4312 res
1335 4252 1462 4332 majoris

310 4347 398 4427 pretii
409 4348 471 4426 jam
485 4352 618 4411 servavit.
663 4358 732 4420 199.
751 4350 901 4431 Ucalegon,
914 4351 947 4421 is,
962 4354 1047 4432 cujus
1061 4354 1138 4414 aedes
1150 4355 1261 4415 ardent.
1295 4354 1385 4414 Poeta
1398 4354 1462 4414 hoe

313 4467 420 4508 nomen
433 4453 519 4528 petiit
530 4474 548 4512 e
561 4454 647 4532 Virg.
660 4452 727 4513 AEu.
743 4452 786 4523 ll,
803 4460 871 4517 ste.
885 4456 937 4515 ubi
951 4476 981 4517 v.
996 4456 1114 4538 Heyne.
