3100 5250
476 455 534 535 1N'
551 463 716 537 JUVEN.
741 469 843 544 ΕΔΤ.
866 463 967 542 vm.
1223 476 1286 543 tsi

100 675 105 688 ·
140 657 276 720 cumque
288 659 325 701 es
337 629 526 720 digmssimu's
538 655 582 705 est
594 653 625 705 ct
637 647 723 726 cujus
735 647 866 713 levorem
879 647 1054 729 expetimus,
1064 649 1126 710 siue
1138 652 1178 712 sit
1190 634 1286 725 Deus,

139 744 204 804 siue
215 745 318 819 bomo,
333 744 394 842 sive
407 745 481 806 edeo
492 767 548 818 res,
562 749 692 810 numinis
704 750 771 811 loco
785 752 873 824 culto,
894 753 1096 833 compelletur.
1109 755 1134 794 ¹⁸
1214 746 1286 820 Goe·
1359 753 1364 764 '

139 843 248 908 telicus
268 859 433 928 cognomen
447 851 479 908 C.
493 847 622 911 Cornelii
635 851 757 913 Lentuli
770 853 862 927 Cossi,
884 855 964 935 quod
977 855 1004 915 ei
1019 854 1142 917 devictis
1162 857 1289 923 Getulis

138 949 251 1010 dotum
271 959 323 1009 est.
341 944 664 1025 v.F10r.1v,12,4o.
746 953 873 1026 Silam,
893 973 1055 1034 cognomen
1068 956 1168 1016 Junio
1180 960 1288 1038 gentis.
1383 928 1400 960 Ι

144 1061 198 1124 ²9·
220 1049 299 1114 Haec
319 1059 448 1133 spectant
467 1049 513 1114 od
526 1066 630 1117 notum
650 1075 762 1117 morem
784 1057 1005 1138 AEgypn'orum,
1026 1079 1045 1118 s
1065 1060 1174 1139 qmbus
1193 1061 1288 1122 forms

147 1153 235 1214 bovis
249 1153 392 1214 colebatur
415 1153 515 1226 Osiris,
537 1155 588 1234 qui
609 1156 819 1236 agriculturam
837 1167 868 1217 et
887 1158 993 1218 vitium
1008 1159 1204 1237 arborumque
1218 1177 1289 1221 con-¹

144 1251 335 1311 serendorum
354 1261 446 1311 artem
460 1251 615 1325 invenisse,
636 1254 780 1334 cujusque
793 1253 891 1314 enims
903 1255 936 1313 in
948 1256 1055 1315 bovem
1067 1255 1209 1334 migrasse
1228 1278 1287 1337 pu-

142 1352 271 1411 unitur.
313 1350 483 1412 Sacerdotes
502 1369 604 1412 eorum
623 1353 704 1413 hunc
723 1355 841 1424 bovem,
861 1373 952 1432 quem
972 1353 1064 1433 Apim
1084 1355 1238 1428 vocabant,
1259 1357 1284 1416 si
1343 1347 1348 1350 ’

139 1459 237 1508 certos
262 1447 332 1507 vitae
355 1469 447 1509 sonos
468 1450 649 1520 confecisset,
671 1469 802 1510 mersum
822 1448 856 1509 in
871 1446 958 1510 'fonte
978 1452 1131 1525 necabunt,
1160 1461 1287 1512 etcum

143 1545 227 1606 luctu
245 1545 428 1626 planctuque
448 1549 619 1626 quaerebunt
637 1547 737 1616 olium,
760 1565 850 1625 qoem
868 1546 901 1604 in
919 1546 985 1626 ejus
1004 1545 1104 1606 locum
1127 1546 1288 1607 substitue.

147 1659 232 1723 rent3
260 1669 322 1729 quo
343 1649 473 1721 invento,
494 1649 551 1729 ipsi
575 1669 643 1711 cum
666 1649 780 1730 populo
802 1648 863 1708 loti
882 1648 1103 1711 exdumsbuntr
1141 1651 1287 1732 εὑρήκαμεν,
1320 1661 1326 1670 ’

145 1747 332 1829 ww„
345 1747 370 1788 ro

180 1859 229 1910 30.
251 1859 301 1910 31.
330 1848 461 1930 Egregia
483 1850 636 1921 sententis,
659 1871 727 1930 que
751 1869 780 1910 v.
804 1855 935 1910 39-98,
958 1850 1117 1928 aptissimis
1142 1851 1287 1930 exemplis

140 1953 314 2014 blustrutur.
330 1989 371 2002 -
382 1973 553 2033 generosum,
577 1973 606 2012 v.
631 1951 670 2014 sd
698 1953 740 2025 ΙΙ,
764 1959 831 2012 145.
845 1987 886 2002 -
907 1959 1038 2014 89-98.
1060 1955 1151 2025 cave,
1172 1973 1212 2013 ne
1231 1973 1286 2034 per

140 2051 304 2112 ludibrium
318 2051 373 2112 tibi
386 2051 486 2130 mogni
500 2051 654 2131 cujusdem
666 2049 833 2130 nobilisque
845 2050 902 2110 viri
914 2070 1023 2110 nomen
1042 2051 1170 2112 inditum
1190 2052 1286 2112 videri

143 2154 241 2232 possit,
255 2153 508 2232 quemadmodum
523 2171 622 2224 noum,
639 2154 731 2230 (νάιος,
745 2151 880 2231 pumilio,
894 2152 972 2212 bouso
995 2173 1063 2215 suos
1083 2153 1203 2214 breuiter
1221 2175 1287 2213 cos·

146 2259 232 2310 crctus
244 2251 274 2308 io
291 2249 474 2328 onusl'rop.
491 2245 707 2328 111,ε,4ι.)’0
720 2248 782 2307 κατ’
797 2252 939 2331 dnipgom
951 2253 1000 2308 soi
1019 2251 1144 2332 rigordus,
1164 2251 1202 2310 ob
1221 2250 1287 2310 nri.

141 2353 280 2413 dentibus
293 2352 343 2412 vel
367 2351 624 2412 adblandientibus
643 2351 727 2410 Atlas
751 2371 774 2411 s.
798 2352 894 2431 giges,
915 2351 1057 2432 AEtiiope,
1079 2352 1166 2431 nigm·
1187 2351 1287 2425 bomo,

47 2457 50 2464 ’
139 2473 252 2537 cycnus,
274 2477 342 2536 quae
362 2455 487 2516 candide
507 2454 569 2516 avis
588 2467 642 2525 est,
666 2453 715 2514 vel
733 2474 828 2534 pomo
851 2453 1023 2536 distortoque
1042 2455 1140 2536 psello
1167 2456 1288 2536 Europa

140 2557 240 2617 voceri
254 2555 347 2616 solet:
369 2555 418 2616 hio
431 2555 510 2614 enim
522 2555 861 2627 mosesteduletorum3
882 2554 1288 2639 ocdsoffosleessldtebiiof

143 2662 228 2737 φίλος,
242 2660 433 2732 sicilicum&
458 2674 524 2731 φησι,
550 2661 586 2717 rol
609 2661 676 2718 oiim
700 2662 777 2731 σῦκα,
800 2661 844 2727 τήν
864 2660 963 2737 osipus
985 2660 1011 2718 di
1036 2662 1138 2739 seipso
1159 2659 1286 2741 ὂημάζυ,

146 2758 270 2821 Lucien.
282 2762 335 2829 soit
346 2763 498 2843 &limogias
511 2763 664 2842 ooyygoipm
677 2780 740 2841 cup.
762 2768 811 2821 41.
852 2762 937 2821 conf.
957 2761 996 2820 de
1016 2762 1069 2821 iilo
1090 2761 1286 2841 parasitorum

144 2880 226 2920 more
238 2860 345 2920 Athen.
358 2860 458 2933 v1,·9.
474 2860 553 2940 (41.)
568 2880 598 2939 ρ.
612 2866 680 2919 249.
694 2870 725 2919 et
738 2859 844 2921 Horat.
857 2859 919 2919 Sat.
933 2860 959 2932 l,
973 2866 1002 2930 8,
1018 2866 1058 2919 44
1080 2880 1141 2939 seq.
1222 2861 1285 2919 Eo-

141 2982 211 3042 ropo
223 2963 324 3042 puello
335 2964 465 3024 formoso
478 2982 602 3042 eumque
614 2962 654 3022 ob
667 2982 786 3027 causam
797 2983 817 3022 s
832 2962 910 3023 Jove
922 2973 1067 3023 emate.-
1082 2968 1131 3021 85.
1152 2960 1284 3033 moso,

137 3058 285 3139 depilatis,
299 3059 401 3133 mobis,
414 3057 483 3139 pilis
497 3058 702 3121 decidentibus
719 3078 783 3140 prae
806 3060 911 3146 scabie.
994 3059 1089 3121 Cosso
1110 3058 1194 3119 doec
1215 3057 1286 3118 ton·

137 3162 231 3221 demes
242 3182 296 3221 oro
310 3161 440 3233 nemo,
454 3162 484 3221 h.
497 3182 525 3222 e.
537 3162 616 3221 fsm'e
629 3155 754 3222 confecti
767 3170 799 3222 et
810 3162 915 3224 torridi
927 3162 1028 3224 macie.
1042 3196 1084 3211 ·-
1105 3168 1154 3222 38.
1174 3160 1222 3220 Ne
1233 3161 1284 3233 sis,

137 3281 243 3341 nepes
257 3262 424 3322 ludibrium
437 3262 548 3322 voceris
563 3262 711 3330 Creticum
733 3262 781 3321 vel
800 3262 909 3342 potius,
931 3278 970 3322 ne
990 3262 1110 3322 nomine
1123 3270 1241 3320 tentum
1253 3270 1285 3320 et

141 3380 246 3439 genere
259 3360 300 3423 sis
312 3362 429 3423 nobilis.
472 3362 520 3423 ef.
533 3382 563 3422 v.
578 3370 625 3423 53.
647 3374 678 3424 et
691 3363 760 3421 Ver.
781 3345 864 3423 lact.
908 3361 1036 3421 Cretione
1058 3381 1223 3441 cognomen
1242 3362 1283 3435 Q.

145 3464 252 3525 Coecilii
266 3466 392 3537 Metelli,
408 3465 459 3545 qui
472 3486 500 3525 s.
515 3466 552 3525 U.
567 3485 593 3525 c.
608 3460 832 3525 DCLXXXlV
852 3463 963 3524 Consul
986 3464 1046 3525 t'uit
1075 3475 1107 3526 ot
1124 3484 1203 3525 suno
1222 3484 1283 3545 seq.
1319 3489 1321 3496 ·

138 3566 254 3627 Cretam
278 3569 311 3627 in
334 3568 494 3648 provincie
517 3568 641 3629 formum
663 3567 822 3646 redegit-²¹
927 3567 1092 3630 Cossorum
1115 3557 1280 3650 cognomen

137 3671 281 3751 Sulpiciae
295 3672 402 3751 gentis.

176 3782 311 3847 39-74.
333 3774 437 3835 Subito
450 3772 488 3833 sd
503 3773 674 3835 Rubellium
686 3772 863 3853 apostrophe
876 3774 990 3835 effectui
1008 3784 1103 3855 poetae
1122 3772 1283 3835 admodum

133 3889 335 3940 consentanee
348 3888 393 3938 est
405 3887 436 3937 et
449 3875 535 3936 valde
547 3874 617 3936 ferit
629 3875 779 3936 lectorem.
822 3873 856 3936 C.
871 3872 1018 3936 Rubellius
1040 3873 1181 3945 Βὼκᾶνε,
1205 3872 1283 3934 tilius
1380 3879 1397 3908 ‘

169 4078 187 4109 ¹⁸
201 4092 226 4126 v.
239 4078 318 4141 intpp
333 4078 421 4126 Horat.
437 4074 486 4127 Od.
501 4075 524 4135 1,
535 4078 576 4129 32.
592 4079 628 4125 1⁵.
728 4078 779 4123 990
793 4086 842 4137 seq.
860 4078 917 4125 997.
933 4078 991 4124 339.
1005 4079 1063 4126 346.
1086 4074 1117 4124 Τ.
1137 4073 1176 4124 11.
1197 4087 1221 4137 p.
1240 4083 1280 4127 90.

168 4141 187 4174 ¹·
206 4141 693 4204 cootvt.5ss.1ueroo.111,27oq.
731 4142 786 4187 143.
806 4138 836 4188 Τ.
856 4139 911 4190 111.
929 4156 953 4205 μ
974 4146 1021 4189 142
1036 4156 1085 4205 usq.
1103 4144 1160 4192 εον.
1184 4140 1215 4189 Τ.
1235 4140 1283 4191 lv.

131 4208 204 4259 Plio.
228 4208 372 4267 v111,4o.
395 4208 505 4257 Loctnnt.
529 4207 589 4255 Inst.
613 4206 635 4265 1,
654 4211 694 4253 91.
728 4218 752 4266 p.
767 4208 874 4268 ibooeq.
1190 4245 1194 4257 ,

129 4274 267 4325 Jsblonski
280 4274 367 4322 Pouth.
381 4274 439 4339 AEg.
454 4274 494 4322 lib.
510 4272 548 4322 11.
563 4286 584 4319 c.
599 4270 705 4331 1.'1'.1.¹
760 4262 780 4299 ¹⁰
796 4284 818 4318 v.
835 4270 899 4320 Geli.
914 4269 994 4329 XIX,
1007 4276 1046 4320 1³.
1059 4280 1085 4321 et
1096 4270 1160 4321 Plio.
1178 4272 1230 4329 xi,
1238 4277 1277 4321 49.

130 4358 160 4403 p.
177 4342 315 4388 res-1⁵6.
329 4348 384 4387 etc.
396 4346 420 4388 6.
433 4355 456 4401 p.
466 4343 522 4388 258.
533 4344 588 4387 259.
609 4336 697 4399 Heyne
749 4330 779 4366 '²¹
796 4350 818 4383 v.
833 4334 885 4387 Dio
902 4337 969 4388 cm.
990 4336 1123 4387 xxxvl.
1141 4347 1166 4388 ct
1185 4338 1281 4387 sillum

129 4406 168 4453 od
189 4404 283 4455 Tibull.
305 4404 327 4459 Ι,
346 4409 369 4463 7,
387 4409 417 4453 97
435 4420 483 4467 seq.
516 4404 556 4451 De
575 4404 699 4453 Osiridis.
735 4399 766 4453 B·
782 4401 811 4451 C.
825 4406 865 4453 99.

129 4472 204 4533 impr.
229 4470 354 4520 Creuser’s
372 4470 496 4533 Symbolik
513 4468 545 4519 T.
565 4468 586 4516 1.
604 4483 628 4531 p.
643 4472 698 4517 154.

691 4552 738 4601 Ζδ
