3100 5250
361 479 368 505 ⁸
436 395 486 464 IN
507 393 673 466 IUVEN.
698 399 798 466 SAT.
821 399 882 467 l'I.
1152 405 1214 468 221

82 569 188 630 liberos
200 569 339 652 peperit)
353 569 473 650 pietete,
493 572 583 632 enimi
595 573 799 652 magnitudine
811 584 878 646 oet,
887 573 915 614 ⁴⁸
933 571 986 634 sed
998 593 1059 635 nou
1071 575 1134 636 aine
1147 575 1225 636 festu

83 671 230 732 nobilium
250 673 439 744 seminarum,
460 693 528 752 quee
547 676 692 754 majurum
711 688 961 755 cognatorumque
973 678 1051 754 spots
1069 677 1227 738 laudabilia

84 775 128 834 rel
146 787 317 836 stemmate
330 793 512 855 suamepsre
533 777 669 839 solentet
677 779 797 858 jactare.
837 779 927 853 Quod
946 779 1038 858 vulgo
1056 782 1229 859 probeture

84 873 158 934 Plnt.
174 874 214 932 in
230 875 295 934 vite
308 875 356 933 Ti.
369 885 399 934 et
412 875 445 936 C.
459 873 588 936 Gracchi
602 878 682 955 Opp.
697 874 734 935 T.
748 877 773 935 Ι.
786 898 817 956 p.
831 884 901 938 848.
940 876 1039 956 Megis
1056 887 1157 938 tumen
1169 877 1230 937 huc

83 981 215 1048 spectat,
231 971 317 1050 qnod
329 971 406 1032 idem
418 970 495 1031 Plut.
508 970 528 1030 l.
543 971 562 1030 I.
576 991 607 1051 p
621 979 691 1040 887.
705 975 740 1034 E.
754 983 905 1044 memoret,
923 993 989 1032 enm
1001 991 1080 1052 sepe
1098 971 1175 1043 tiliis,
1194 984 1231 1033 ut

81 1074 121 1133 sd
133 1093 192 1136 res
213 1095 338 1153 msgms
356 1073 495 1153 gerendas
514 1095 564 1136 eos
583 1076 732 1144 excitsret,
756 1076 955 1154 exprobrasse,
978 1073 1061 1153 quod
1079 1095 1098 1134 s
1118 1073 1230 1152 populo

82 1175 178 1234 Rom.
208 1176 341 1235 nondum
366 1174 554 1234 Gracchorum
576 1185 674 1248 mater,
702 1177 754 1236 sed
776 1195 875 1237 soerns
898 1177 1042 1255 Scipionis
1068 1185 1232 1236 tumretm.

84 1272 146 1330 His
163 1273 282 1344 eculeis,
303 1269 398 1330 eidem
418 1283 607 1332 mesenes
619 1273 736 1352 publiee
757 1274 852 1354 posite
865 1293 934 1334 cnm
946 1273 1076 1352 inscript.
1097 1271 1233 1352 Cornelia

86 1385 183 1434 nater
206 1373 423 1446 Gracchorum,
444 1394 504 1453 quo
523 1383 610 1454 poeta
629 1375 790 1455 respexisse
811 1376 937 1436 ridetur.
980 1376 1027 1438 Ct'.
1041 1375 1118 1435 Plut.
1132 1374 1152 1434 l.
1166 1376 1187 1434 I.
1200 1395 1233 1456 p.

91 1475 160 1537 836
174 1476 214 1534 Ε.
229 1475 307 1534 Pliu.
322 1477 472 1547 XXXIV,
486 1475 515 1538 6.
536 1478 663 1540 Gentilis
683 1479 766 1558 Orig.
780 1500 811 1558 p.
825 1487 894 1550 895.
907 1490 939 1539 et
951 1478 1054 1539 Seuee.
1069 1476 1123 1536 11.
1165 1476 1236 1537 Alia

92 1578 239 1648 Cornelis,
258 1597 320 1638 nou
334 1577 435 1638 minus
447 1579 508 1639 tere
521 1577 613 1654 olsre'
623 1581 783 1660 jeptentius
795 1582 834 1642 de
847 1603 878 1641 ee
891 1591 922 1641 et
933 1592 1023 1658 geute
1036 1599 1089 1641 sus
1105 1579 1236 1658 loquimr

95 1700 145 1759 ap.
167 1681 255 1759 Prop.
268 1679 323 1750 IV,
340 1689 444 1740 11.-
460 1679 526 1750 169.
542 1681 735 1762 Supeseiliem,
756 1704 785 1743 v.
799 1683 839 1744 sd
856 1683 899 1754 II,
915 1687 962 1744 15.
1055 1700 1187 1742 eumerus
1206 1681 1237 1740 ιἰι

95 1780 159 1840 dote
169 1777 335 1857 triumphe,
357 1776 480 1856 glorium
493 1779 639 1858 rusiorum
659 1791 911 1861 cognatorumque
923 1782 955 1841 in
967 1781 1069 1842 dotem
1080 1780 1165 1860 qussi
1176 1779 1233 1840 im·

96 1892 191 1960 putas,
211 1879 278 1940 loeo
291 1881 379 1950 dotis,
399 1879 446 1940 vel
458 1897 515 1959 pro
527 1879 596 1942 dote
608 1879 773 1943 bebendsrn
794 1901 904 1946 oeusee.
943 1885 1033 1946 Poste
1051 1885 1147 1964 ipssm
1164 1882 1238 1944 allo·

98 1981 197 2058 quitur
217 1977 406 2050 Corneliam
427 1997 487 2057 quo
500 1978 599 2039 vivida
618 1979 652 2040 fit
671 1981 772 2042 oratio.
824 1991 892 2052 170.
908 1991 974 2051 171.
990 1987 1096 2062 Apsge
1114 1994 1146 2044 te
1165 1999 1239 2042 oum

90 2078 237 2138 'laudibus
249 2077 342 2156 petris
359 2075 413 2146 tui,
435 2095 526 2154 quem
538 2077 680 2156 preditus
693 2079 834 2140 devicisse
849 2079 1050 2151 Hannibalem,
1073 2063 1239 2160 Syphacem,

104 2176 149 2252 (ιι.
163 2174 233 2234 Lis.
248 2173 348 2244 XXX,
360 2181 389 2234 5.
405 2181 451 2252 1‚1.
469 2179 517 2234 18.
538 2177 599 2254 17.)
619 2185 651 2236 et
672 2175 881 2256 Carthaginem.
982 2180 1021 2239 In
1039 2179 1150 2251 cestris,
1171 2197 1240 2258 quer

105 2277 207 2356 Scipio
230 2281 262 2336 et
284 2275 432 2336 Mednisss
450 2289 679 2362 uuneremerunt.
701 2297 730 2336 v.
751 2277 819 2338 Liv.
832 2278 853 2336 1.
866 2278 887 2336 l.
900 2288 931 2339 et
949 2279 989 2338 ed
1009 2278 1061 2338 Sil.
1075 2279 1178 2349 XVII,
1196 2284 1237 2340 88
1292 2339 1301 2354 ,

104 2393 168 2453 seq.
209 2375 308 2434 Verbs
326 2394 384 2433 esst
398 2383 456 2434 tutu
471 2373 643 2455 &uligine
663 2377 859 2438 etinm.eimul
876 2377 916 2436 sd
935 2377 1103 2456 Scipionem
1124 2376 1241 2439 afrie-

104 2493 178 2534 num
190 2475 335 2534 minorem
354 2473 458 2534 referri
477 2487 609 2555 possunt,
632 2475 685 2554 qui
703 2475 781 2536 hene
801 2477 904 2536 urbem
923 2473 1016 2537 dnuit
1034 2487 1066 2538 et
1084 2477 1134 2538 eui
1147 2489 1242 2559 nupte

104 2585 167 2635 eret
179 2573 362 2653 Sempronia,
377 2573 520 2637 Corneliae
532 2573 602 2635 tilie-
683 2574 786 2655 migra,
799 2595 829 2636 v.
843 2595 909 2657 sup.
921 2576 961 2637 ed
974 2596 1003 2637 v.
1020 2576 1088 2641 146.

151 2684 317 2745 172-177.
345 2676 481 2739 Alienum
503 2676 661 2739 mulierum
683 2680 879 2758 arrogantium
900 2679 998 2760 gignit
1017 2680 1191 2753 fecunditas,
1211 2690 1244 2743 et

106 2794 326 2855 nonnumquam
339 2794 414 2845 eam,
428 2796 495 2855 que
509 2776 587 2855 ipsos
600 2776 720 2837 boussut
729 2778 810 2839 Deos
819 2788 947 2839 ettotam
955 2798 1079 2858 eamque
1091 2780 1244 2841 innoxiam

105 2880 245 2939 familiare
256 2879 290 2937 in
301 2879 463 2957 pernicis·
476 2890 553 2957 eget.
595 2879 632 2938 Id
645 2882 787 2959 probetur
805 2883 940 2963 exemplo
959 2882 1075 2953 Niobes,
1096 2902 1165 2961 qum
1184 2883 1245 2943 fil'm

105 2977 220 3037 Tantali
243 2987 275 3036 et
295 2975 471 3056 Amphionis,
500 2976 634 3037 Thebani
658 2978 736 3057 regis
759 2978 969 3060 elerinimique
991 2979 1132 3059 lyricinis,
1158 2999 1244 3052 uxor,

105 3073 298 3133 multitudine
311 3086 402 3151 atque
422 3072 529 3152 insigni
549 3074 643 3133 forme
663 3074 820 3135 liberorum
840 3078 933 3148 ferox,
952 3076 1100 3149 meam,
1120 3086 1255 3137 matrem

107 3178 254 3256 Apollinis
270 3188 301 3235 et
315 3176 430 3244 Dianae,
444 3174 601 3235 insolenter
614 3176 757 3256 despexit,
772 3189 803 3239 et
816 3180 858 3242 its
870 3180 994 3240 offendit
1006 3180 1096 3250 Deos,
1116 3189 1152 3239 ut
1170 3179 1244 3239 libe·
1373 3206 1379 3222 ¹

106 3296 153 3335 ros
171 3294 286 3344 omnes,
314 3271 424 3352 Apollo
443 3292 547 3345 mures,
572 3270 668 3333 Diana
688 3276 770 3347 filies,
794 3278 909 3356 sagittis
927 3276 1151 3355 transfigerent:
1178 3296 1248 3337 nam
1305 3312 1309 3317 ·

110 3374 249 3451 antiquus
261 3392 369 3444 sermo,
385 3370 466 3451 quod
478 3382 564 3431 sente
576 3371 651 3431 febri
671 3372 783 3432 iactuum
801 3383 855 3441 est,
875 3372 989 3451 sagittis
1009 3384 1040 3432 et
1058 3373 1109 3432 ire
1128 3372 1249 3434 illorum

113 3475 237 3534 dmrum
248 3473 362 3535 tribuit.
396 3474 495 3533 =Reete
516 3472 629 3533 Gellius
644 3474 714 3544 XX,
729 3482 758 3540 7.
777 3473 842 3533 haec
860 3471 989 3534 notavit:
1014 3472 1096 3533 Miro
1115 3482 1142 3532 et
1157 3494 1250 3555 prope

74 3626 80 3631 .
113 3572 187 3631 odeo
200 3571 315 3630 ridiculo
328 3569 477 3629 disereitus
478 3566 592 3649 subules
604 3562 682 3651 apud
697 3571 811 3644 Groeoss
819 3578 919 3649 poetas
937 3570 1151 3651 deprehenditur
1162 3592 1250 3653 super

113 3693 232 3737 semro
244 3675 286 3750 (st
297 3673 480 3752 nominibus)
489 3672 619 3749 filiumve
634 3672 755 3734 Niobe:
777 3694 842 3733 neos
856 3672 995 3735 Homerus
1004 3694 1107 3755 pueros
1124 3676 1249 3755 puellae·
1344 3678 1360 3711 ·

112 3787 174 3853 pse
185 3772 248 3850 ejus
262 3772 300 3831 bit
310 3792 389 3833 senos
400 3772 469 3833 dicit
473 3770 579 3851 fuisse,
604 3771 754 3853 Euripides
773 3772 815 3833 bit
834 3782 966 3853 splenos,
987 3773 1104 3855 Sappho
1117 3774 1157 3834 bis
1170 3793 1252 3833 noos·

113 3898 179 3947 nos,
208 3876 390 3965 Buoelylidet
410 3884 436 3937 et
459 3875 604 3935 Pindarus
623 3875 792 3935 bisdenos:
819 3875 931 3955 quidum
954 3877 1006 3935 ulii
1025 3877 1175 3955 scriptores
1194 3885 1252 3935 tres

98 3972 287 4049 ficisesoolos
300 3972 476 4032 disernot.⁴⁹
517 3972 645 4051 Egregie
655 3984 756 4031 eutem
771 3973 852 4050 (quae
872 3974 1050 4053 egomet..
1071 3969 1162 4048 vulgo
1180 3970 1254 4030 dici·

109 4198 273 4246 bousInesse.
291 4195 360 4245 Alii:
378 4210 433 4259 qun
443 4195 545 4261 singulis
554 4210 672 4259 msguum
705 4194 785 4243 Voler.
803 4194 869 4242 Mer.
883 4193 965 4251 1v,s,
979 4201 1001 4241 1.
1014 4205 1038 4242 et
1049 4200 1071 4243 6.
1087 4200 1109 4242 1.
1124 4194 1179 4243 Seu.
1190 4195 1255 4243 Con-

109 4264 177 4326 qussi
189 4262 298 4325 pretinm
310 4261 440 4310 constituit.
705 4260 747 4309 sol.
766 4260 797 4307 sd
814 4259 892 4307 Marc.
910 4274 932 4308 o.
955 4266 993 4308 16.
1016 4259 1096 4322 Pighii
1116 4260 1206 4308 Annei.
1220 4262 1256 4309 ⁴¹².

141 4330 160 4358 ¹
176 4344 200 4375 r.
218 4327 287 4375 Plut.
306 4326 333 4373 in
353 4327 400 4374 vite
418 4326 456 4375 it.
475 4335 505 4381 et,
518 4327 546 4376 C.
570 4326 672 4375 Greocbi
705 4326 759 4373 III.
773 4340 798 4385 p.
812 4330 902 4373 1544.
914 4334 939 4371 et
951 4326 1003 4373 Cle.
1018 4326 1086 4372 Brut.
1101 4329 1139 4374 27.

114 4392 178 4454 Opp.
190 4392 224 4441 Τ.
240 4392 264 4441 I.
278 4408 302 4456 p.
317 4397 374 4441 824.
387 4398 476 4443 61843.
493 4390 597 4449 Quinti.
613 4392 634 4449 I,
649 4396 670 4441 1.
737 4391 755 4422 ¹⁹
775 4390 848 4439 cont.
867 4389 898 4439 de
914 4390 960 4437 hee
976 4406 1002 4437 re
1022 4400 1047 4438 et
1065 4388 1096 4438 de
1113 4399 1163 4440 tom
1176 4390 1257 4441 Inbuls

361 4486 377 4527 2
