3100 5250
274 420 494 491 MORIBUS
515 424 579 493 ΕΤ
603 422 861 493 somenam
885 424 1091 491 GENERE.
1179 431 1242 491 tlt

121 600 218 654 noco
230 594 328 656 imam
340 607 447 659 natura
461 598 582 671 obdia,
600 557 818 679 nominique
830 598 1031 679 aparentibus
1043 598 1076 659 in
1089 599 1245 661 solitudine

120 695 362 771 pneedrlcama,
385 696 507 761 Romam
520 700 641 779 quidem
654 699 707 761 sed
719 700 758 759 ad
771 700 975 779 grammaticos
995 710 1028 761 et
1044 698 1173 763 rhetores
1194 700 1246 763 da·

120 791 194 852 latur
212 804 266 865 ea,
287 793 394 856 deinde
406 796 636 877 indisciplinam
659 797 784 861 Cornuti
806 796 895 857 venit
936 796 997 859 Hic
1019 816 1177 877 generoour
1197 798 1246 860 ille

118 893 232 955 animus
240 894 369 974 juvenili
387 896 493 958 nune
510 899 668 961 stoicorum
688 908 843 985 precepta
855 897 1001 979 adripiens
1020 916 1038 959 e
1061 898 1247 977 preceptorir

118 997 299 1059 mombar
311 1019 359 1060 ros
371 999 523 1074 humanas,
543 1020 604 1061 non
616 1011 651 1063 ut
663 1000 731 1071 sint,
751 1000 804 1061 aed
816 1010 852 1063 ut
864 1020 925 1063 eane
938 1000 1074 1073 debeant,
1100 1000 1247 1081 cognovit,

116 1103 217 1173 etque,
230 1106 265 1157 nt
277 1096 379 1172 solent,
400 1098 453 1177 qni
464 1098 612 1161 erectionis
624 1110 656 1161 et
667 1098 839 1161 ardentioris
853 1098 964 1178 ingenii
977 1110 1054 1170 sunt,
1074 1100 1199 1161 formam
1218 1106 1249 1161 st

116 1196 277 1275 imaginem
289 1199 405 1260 illarum
417 1211 516 1261 mente
528 1200 671 1281 concepit,
683 1200 723 1261 ad
735 1221 825 1280 quam
835 1200 942 1263 deinde
954 1199 1060 1271 omniu,
1075 1222 1141 1281 que
1151 1202 1249 1263 audis-

116 1305 160 1355 set
172 1296 340 1370 vidissetve3
363 1301 507 1379 exigebat.
552 1304 626 1369 Qrue
646 1321 741 1380 quum
762 1300 1014 1363 animadvertisset
1028 1301 1065 1360 ab
1079 1299 1129 1359 illa
1147 1320 1249 1361 norme

117 1395 235 1474 longius
246 1400 390 1473 aberrare,
404 1420 497 1479 eaque
510 1420 589 1481 sape
600 1401 737 1472 derideri,
758 1420 825 1481 quae
840 1401 896 1462 sibi
909 1411 993 1463 exne
1004 1420 1122 1462 omnem
1134 1400 1250 1461 dubita-

117 1496 206 1557 tionis
217 1498 309 1558 aleam
322 1501 417 1579 posita
430 1521 493 1563 esse
506 1502 687 1575 viderentur,
706 1504 791 1583 grani
811 1502 1014 1583 indignatione
1032 1504 1177 1564 adsensus
1197 1514 1250 1565 est

116 1602 193 1661 Haec
205 1602 311 1663 deinde
324 1624 416 1683 quum
429 1607 689 1685 premeudaeeset,
709 1598 819 1683 vixque
839 1616 904 1665 tuto
924 1606 1001 1665 inter
1014 1605 1252 1665 familiarissimos

116 1714 215 1780 posset
226 1704 346 1777 effundi,
359 1727 420 1766 non
433 1708 528 1768 solum
542 1707 730 1768 vehementer
743 1716 829 1767 ancta
839 1718 892 1777 est,
907 1726 1011 1767 verum
1026 1706 1114 1766 etiam
1128 1706 1159 1765 in
1172 1724 1252 1765 aner-

121 1807 243 1868 bitatem
256 1820 287 1868 et
298 1811 486 1868 acrimoniam
499 1811 582 1867 abiit.
622 1810 699 1880 Quo
713 1809 855 1868 aosrbitar
874 1809 1023 1887 precipue
1036 1830 1067 1868 se
1080 1808 1209 1869 excernit
1221 1808 1253 1867 in

118 1907 329 1967 sententiarum
343 1905 630 1975 conformationibus,
645 1906 678 1961 in
690 1904 782 1981 tropis
791 1905 952 1984 figurisque
960 1906 1132 1983 deligendis,
1146 1907 1178 1965 in
1188 1908 1253 1985 qni.

117 2006 177 2063 bus
196 2014 328 2063 extrema
347 2020 472 2079 semper,
494 2019 562 2078 quse
581 1999 722 2058 sermonis
743 2000 819 2058 ratio
839 2001 1014 2077 subpeditet,
1039 2003 1179 2079 sequitur,
1199 2024 1254 2065 nec

114 2101 210 2161 semel
223 2101 270 2159 vel
284 2118 401 2158 omnem
413 2118 500 2159 nsum
514 2109 545 2158 et
557 2098 810 2170 consuetudinem,
832 2109 865 2158 ut
878 2100 964 2159 nobis
983 2101 1104 2178 quidem
1126 2102 1252 2173 videtur,

113 2200 237 2275 migret,
252 2208 287 2257 ut
298 2208 342 2269 ca,
351 2200 422 2275 ‘qnae
435 2206 590 2275 proponat,
604 2196 812 2283 indignationis
825 2195 1017 2257 vehementia
1031 2200 1235 2277 respondeant.

161 2296 244 2355 Hinc
256 2313 363 2374 magna
376 2314 413 2354 ex
425 2302 509 2374 parte
521 2294 603 2355 aliud
615 2293 722 2355 vitium
734 2304 831 2355 ortum
845 2304 898 2366 cst,
920 2314 979 2373 quo
997 2294 1089 2356 Persii
1110 2298 1255 2359 scribendi

114 2417 214 2478 genua
227 2396 349 2467 laborat,
362 2398 540 2477 ambiguitas
553 2410 584 2457 et
596 2397 766 2467 obscuritas,
787 2418 855 2476 quar
874 2395 963 2459 eriam
976 2408 1060 2459 auctu
1073 2409 1118 2459 est
1130 2398 1255 2459 brevita-

114 2496 157 2554 tis
171 2492 278 2563 studio,
292 2494 341 2554 cni
354 2514 391 2553 ar
405 2494 496 2554 stoica
508 2496 608 2554 forsan
620 2494 775 2573 disciplina
793 2495 918 2555 nimium
931 2494 1074 2567 adsuevit,
1095 2506 1126 2556 et
1139 2507 1254 2557 senten·

117 2594 229 2654 thum
255 2591 388 2673 ogonis,
417 2593 526 2674 quibus
547 2604 620 2656 nunc
639 2593 773 2654 homines
799 2593 1025 2672 delectabantur.
1067 2594 1188 2668 Verum,
1204 2602 1210 2657 .'
1216 2615 1255 2664 ne

116 2692 241 2771 gravina
252 2713 339 2772 inquo
350 2693 389 2753 de
403 2694 504 2754 Persio
516 2713 739 2773 conqueremur,
759 2694 817 2754 hoc
837 2694 940 2774 utique
957 2695 1117 2754 tenendum
1131 2706 1184 2766 est,
1205 2697 1256 2756 ob·

116 2815 267 2876 scuranos
276 2796 383 2868 dicae,
394 2817 461 2877 quae
469 2819 487 2858 a
496 2799 581 2858 nobis
592 2817 651 2858 non
661 2798 885 2877 perspicientur,
891 2798 1030 2878 justoque
1038 2797 1179 2868 breviora,
1190 2818 1256 2875 quae

117 2913 195 2965 rm,
206 2913 286 2954 nunc
305 2895 426 2974 quidem
441 2896 582 2975 ignotam,
603 2895 767 2974 significent
781 2905 906 2964 tuntum,
920 2912 981 2953 non
995 2893 1169 2972 exprimant,
1190 2913 1257 2952 nor-

117 3004 199 3054 trm
210 3012 309 3056 rerum
322 2993 529 3072 cognitionem,
542 3007 675 3057 nostrum
689 2994 831 3054 sermonis
850 2993 950 3054 Latini
964 3013 1050 3062 urum
1063 2992 1256 3072 respicientca

118 3095 199 3168 Quis
221 3106 320 3158 eutem
338 3117 400 3158 non
417 3096 565 3177 intelligit,
590 3117 657 3177 quae
680 3116 760 3157 nunc
781 3098 904 3158 obscura
929 3101 1077 3164 vocamus,
1102 3093 1258 3174 perspicua

116 3199 284 3278 equalibus
296 3221 358 3262 esee
371 3201 509 3280 potuisse,
531 3221 600 3280 qum
612 3219 692 3260 nunc
704 3199 779 3259 dura
792 3199 940 3268 videntur,
961 3217 997 3256 ex
1012 3207 1095 3276 parte
1108 3207 1180 3258 tunc
1200 3215 1256 3256 usu

116 3302 212 3362 fuisro
225 3301 358 3373 mollita3
388 3302 645 3364 etinmbreritatia
668 3301 808 3370 studium,
833 3299 913 3378 quod
932 3297 1058 3356 nimium
1071 3318 1133 3358 erse
1142 3297 1257 3377 judica·

115 3423 200 3473 mus,
214 3413 267 3462 ant
278 3401 396 3461 nullum
407 3413 459 3462 out
470 3403 621 3464 modicum
632 3401 672 3462 iir
682 3400 776 3462 videri
790 3399 896 3479 potuit,
917 3398 1025 3489 quibus
1039 3417 1085 3460 res
1105 3398 1176 3478 ipsos
1196 3407 1257 3458 tum

116 3519 201 3568 notoe
227 3515 333 3575 essent,
366 3514 401 3564 ut
426 3523 486 3563 uno
512 3507 602 3565 verbo
629 3505 746 3565 abunde
774 3501 814 3561 ad
841 3494 1022 3561 intellectu'm
1051 3501 1257 3562 indicarentur.

116 3609 213 3681 Quod
226 3607 251 3668 ai
265 3607 343 3667 enim
356 3617 417 3666 tam
431 3606 572 3666 obscurus
585 3607 746 3688 aequalibus
759 3602 840 3663 visus
851 3602 962 3674 fuisset,
978 3623 1067 3682 quam
1080 3603 1259 3683 qmbusdam

116 3730 157 3769 ex
171 3705 393 3776 sacerdoribus,
407 3704 459 3783 qui
473 3705 614 3784 potuisset
626 3723 778 3766 censuram
793 3701 967 3776 Quintiliani
981 3701 1119 3780 effugere,
1134 3701 1259 3780 quiper-

118 3811 309 3891 spicuitetem
330 3829 391 3869 non
414 3807 508 3869 solum
528 3807 560 3866 in
579 3818 703 3879 oratore,
724 3825 828 3866 verum
847 3804 936 3864 etiam
955 3804 986 3863 in
1006 3815 1093 3884 poeta
1112 3801 1257 3882 requirit?

119 3917 235 3994 Atque,
256 3913 281 3973 si
295 3911 431 3971 volumus
443 3929 547 3970 rerum
560 3911 654 3979 fateri,
669 3910 733 3969 loca
745 3929 830 3988 saque
843 3893 966 3969 obscura
979 3906 1011 3966 in
1025 3905 1178 3986 quibusvis
1191 3924 1259 3965 auc·

119 4020 239 4082 tordius
262 4017 534 4098 deprehenduntur,
558 4014 776 4094 difficilioraque
799 4013 908 4094 passim
922 4013 1079 4091 aenigmata
1099 4011 1183 4072 nobis
1203 4009 1258 4070 sol·

119 4117 221 4180 venda
233 4117 365 4188 fuissent,
378 4116 436 4175 nisi
449 4136 483 4175 ea
496 4127 628 4175 veterum
642 4111 898 4192 grammaticorum
912 4109 1063 4188 diligentia
1082 4119 1258 4188 occupasset,

119 4228 213 4298 atque
225 4213 368 4294 explicata
380 4213 464 4274 nobis
477 4211 652 4274 tradidisset.
693 4209 805 4268 Varum
825 4208 902 4268 enim
924 4227 993 4266 vero
1012 4225 1104 4286 prope
1125 4203 1259 4278 dixerim,

122 4314 266 4375 ridiculos
280 4333 329 4374 eos
349 4333 422 4384 esse,
447 4312 498 4393 qni
520 4311 652 4372 Persium
671 4308 840 4370 obscuritati
864 4307 1009 4368 studuisse
1022 4303 1205 4386 perhibeant,
1226 4315 1260 4362 ut

122 4421 292 4482 delatorum
314 4417 478 4501 periculum
502 4419 652 4499 effugeret,
676 4426 728 4477 aut
750 4414 877 4477 Neronis
899 4413 970 4475 iram
995 4412 1125 4475 evitaret.
1167 4407 1259 4484 Quasi

706 4517 732 4571 Q
742 4518 783 4577 ί15
