<?xml version="1.0" encoding="UTF-8"?>
<!DOCTYPE html PUBLIC "-//W3C//DTD XHTML 1.0 Transitional//EN"
    "http://www.w3.org/TR/xhtml1/DTD/xhtml1-transitional.dtd">
<html xmlns="http://www.w3.org/1999/xhtml" xml:lang="en" lang="en">
 <head>
  <title>
</title>
<meta http-equiv="Content-Type" content="text/html;charset=utf-8" />
  <meta name='ocr-system' content='tesseract 3.04.00' />
  <meta name='ocr-capabilities' content='ocr_page ocr_carea ocr_par ocr_line ocrx_word'/>
</head>
<body>
  <div class='ocr_page' id='page_1' title='image "./djuniijuvenalis02persgoog_0390.png"; bbox 0 0 3100 5250; ppageno 0'>
   <div class='ocr_carea' id='block_1_1' title="bbox 416 489 1225 562">
    <p class='ocr_par' dir='ltr' id='par_1_1' title="bbox 416 489 1225 562">
     <span class='ocr_line' id='line_1_1' title="bbox 416 489 1225 562; baseline 0.007 -6"><span class='ocrx_word' id='word_1_1' title='bbox 416 489 467 556; x_wconf 91' lang='lat' dir='ltr'>IN</span> <span class='ocrx_word' id='word_1_2' title='bbox 488 491 651 559; x_wconf 86' lang='lat' dir='ltr'>JUVEN.</span> <span class='ocrx_word' id='word_1_3' title='bbox 676 494 774 562; x_wconf 89' lang='lat' dir='ltr'><strong>SAT.</strong></span> <span class='ocrx_word' id='word_1_4' title='bbox 799 495 896 562; x_wconf 92' lang='lat' dir='ltr'><strong>VIII.</strong></span> <span class='ocrx_word' id='word_1_5' title='bbox 1160 503 1225 562; x_wconf 81' lang='lat'>385</span> 
     </span>
    </p>
   </div>
   <div class='ocr_carea' id='block_1_2' title="bbox 81 663 1244 852">
    <p class='ocr_par' dir='ltr' id='par_1_2' title="bbox 81 663 1244 852">
     <span class='ocr_line' id='line_1_2' title="bbox 81 663 1228 753; baseline 0.007 -29"><span class='ocrx_word' id='word_1_6' title='bbox 81 675 159 724; x_wconf 72' lang='lat' dir='ltr'>toras</span> <span class='ocrx_word' id='word_1_7' title='bbox 176 663 260 724; x_wconf 90' lang='lat' dir='ltr'>enim</span> <span class='ocrx_word' id='word_1_8' title='bbox 273 672 362 744; x_wconf 84' lang='lat' dir='ltr'>turpe</span> <span class='ocrx_word' id='word_1_9' title='bbox 374 667 525 745; x_wconf 81' lang='lat' dir='ltr'>putebant,</span> <span class='ocrx_word' id='word_1_10' title='bbox 545 687 614 728; x_wconf 87' lang='lat' dir='ltr'><em>eum</em></span> <span class='ocrx_word' id='word_1_11' title='bbox 631 669 774 730; x_wconf 80' lang='lat' dir='ltr'>deteriore</span> <span class='ocrx_word' id='word_1_12' title='bbox 787 671 959 750; x_wconf 86' lang='lat' dir='ltr'>comparari,</span> <span class='ocrx_word' id='word_1_13' title='bbox 979 669 1011 730; x_wconf 88' lang='lat' dir='ltr'>id</span> <span class='ocrx_word' id='word_1_14' title='bbox 1025 672 1106 750; x_wconf 89' lang='lat' dir='ltr'>quod</span> <span class='ocrx_word' id='word_1_15' title='bbox 1118 671 1228 753; x_wconf 82' lang='lat' dir='ltr'>liquide</span> 
     </span>
     <span class='ocr_line' id='line_1_3' title="bbox 82 767 1244 852; baseline 0.005 -26"><span class='ocrx_word' id='word_1_16' title='bbox 82 769 171 826; x_wconf 88' lang='lat' dir='ltr'>docet</span> <span class='ocrx_word' id='word_1_17' title='bbox 195 768 264 827; x_wconf 87' lang='lat' dir='ltr'><em>Sen.</em></span> <span class='ocrx_word' id='word_1_18' title='bbox 286 767 324 826; x_wconf 91' lang='lat' dir='ltr'>de</span> <span class='ocrx_word' id='word_1_19' title='bbox 343 787 427 846; x_wconf 90' lang='lat' dir='ltr'>prov.</span> <span class='ocrx_word' id='word_1_20' title='bbox 448 777 477 828; x_wconf 82' lang='lat'>8.</span> <span class='ocrx_word' id='word_1_21' title='bbox 518 770 704 849; x_wconf 84' lang='lat' dir='ltr'>Ignominiam</span> <span class='ocrx_word' id='word_1_22' title='bbox 714 773 831 852; x_wconf 83' lang='lat' dir='ltr'>judicat</span> <span class='ocrx_word' id='word_1_23' title='bbox 842 772 996 852; x_wconf 81' lang='lat' dir='ltr'>gladiator,</span> <span class='ocrx_word' id='word_1_24' title='bbox 1010 792 1079 833; x_wconf 88' lang='lat' dir='ltr'>cum</span> <span class='ocrx_word' id='word_1_25' title='bbox 1091 774 1244 834; x_wconf 79' lang='lat' dir='ltr'><em>inferiore-</em></span> 
     </span>
    </p>
   </div>
   <div class='ocr_carea' id='block_1_3' title="bbox 81 869 1246 4050">
    <p class='ocr_par' dir='ltr' id='par_1_3' title="bbox 81 869 1246 1952">
     <span class='ocr_line' id='line_1_4' title="bbox 81 869 1229 953; baseline 0.006 -25"><span class='ocrx_word' id='word_1_26' title='bbox 81 869 235 948; x_wconf 86' lang='lat' dir='ltr'>eomponi,</span> <span class='ocrx_word' id='word_1_27' title='bbox 257 879 288 928; x_wconf 86' lang='lat' dir='ltr'>et</span> <span class='ocrx_word' id='word_1_28' title='bbox 303 870 367 940; x_wconf 87' lang='lat' dir='ltr'>scit,</span> <span class='ocrx_word' id='word_1_29' title='bbox 390 889 457 930; x_wconf 88' lang='lat' dir='ltr'><em>eum</em></span> <span class='ocrx_word' id='word_1_30' title='bbox 478 869 540 931; x_wconf 85' lang='lat' dir='ltr'><em>sine</em></span> <span class='ocrx_word' id='word_1_31' title='bbox 560 873 654 952; x_wconf 83' lang='lat' dir='ltr'>gloria</span> <span class='ocrx_word' id='word_1_32' title='bbox 670 874 758 946; x_wconf 87' lang='lat' dir='ltr'>vinci,</span> <span class='ocrx_word' id='word_1_33' title='bbox 785 874 837 953; x_wconf 91' lang='lat' dir='ltr'>qui</span> <span class='ocrx_word' id='word_1_34' title='bbox 857 874 919 933; x_wconf 92' lang='lat' dir='ltr'><em>sine</em></span> <span class='ocrx_word' id='word_1_35' title='bbox 931 874 1063 953; x_wconf 88' lang='lat' dir='ltr'>periculo</span> <span class='ocrx_word' id='word_1_36' title='bbox 1076 875 1229 935; x_wconf 58' lang='lat' dir='ltr'>vincitur?</span> 
     </span>
     <span class='ocr_line' id='line_1_5' title="bbox 82 971 1229 1056; baseline 0.005 -25"><span class='ocrx_word' id='word_1_37' title='bbox 82 981 155 1031; x_wconf 91' lang='grc'><strong>211.</strong></span> <span class='ocrx_word' id='word_1_38' title='bbox 174 973 283 1031; x_wconf 81' lang='lat' dir='ltr'><em>Libera</em></span> <span class='ocrx_word' id='word_1_39' title='bbox 300 971 451 1052; x_wconf 80' lang='lat' dir='ltr'>suffragia,</span> <span class='ocrx_word' id='word_1_40' title='bbox 461 973 585 1051; x_wconf 88' lang='lat' dir='ltr'>judicia,</span> <span class='ocrx_word' id='word_1_41' title='bbox 596 977 754 1036; x_wconf 86' lang='lat' dir='ltr'><em>sententiae.</em></span> <span class='ocrx_word' id='word_1_42' title='bbox 796 976 942 1054; x_wconf 85' lang='lat' dir='ltr'>Loquitur</span> <span class='ocrx_word' id='word_1_43' title='bbox 951 986 1046 1054; x_wconf 79' lang='lat' dir='ltr'><em>poem,</em></span> <span class='ocrx_word' id='word_1_44' title='bbox 1057 977 1142 1056; x_wconf 86' lang='lat' dir='ltr'>cujus</span> <span class='ocrx_word' id='word_1_45' title='bbox 1154 988 1229 1037; x_wconf 89' lang='lat' dir='ltr'><em>tem·</em></span> 
     </span>
     <span class='ocr_line' id='line_1_6' title="bbox 81 1068 1229 1152; baseline 0.007 -25"><span class='ocrx_word' id='word_1_46' title='bbox 81 1071 218 1148; x_wconf 85' lang='lat' dir='ltr'>poribus</span> <span class='ocrx_word' id='word_1_47' title='bbox 230 1089 290 1128; x_wconf 89' lang='lat' dir='ltr'>non</span> <span class='ocrx_word' id='word_1_48' title='bbox 302 1068 388 1128; x_wconf 87' lang='lat' dir='ltr'>modo</span> <span class='ocrx_word' id='word_1_49' title='bbox 401 1071 519 1147; x_wconf 82' lang='lat' dir='ltr'><em>agendi,</em></span> <span class='ocrx_word' id='word_1_50' title='bbox 541 1071 593 1130; x_wconf 90' lang='lat' dir='ltr'>sed</span> <span class='ocrx_word' id='word_1_51' title='bbox 609 1081 639 1133; x_wconf 90' lang='lat' dir='ltr'>et</span> <span class='ocrx_word' id='word_1_52' title='bbox 648 1072 803 1151; x_wconf 85' lang='lat' dir='ltr'>judicandi</span> <span class='ocrx_word' id='word_1_53' title='bbox 816 1073 991 1152; x_wconf 86' lang='lat' dir='ltr'>dicendique</span> <span class='ocrx_word' id='word_1_54' title='bbox 1005 1074 1123 1134; x_wconf 81' lang='lat' dir='ltr'>libertas</span> <span class='ocrx_word' id='word_1_55' title='bbox 1135 1076 1229 1134; x_wconf 88' lang='lat' dir='ltr'>omni·</span> 
     </span>
     <span class='ocr_line' id='line_1_7' title="bbox 82 1170 1229 1253; baseline 0.005 -25"><span class='ocrx_word' id='word_1_56' title='bbox 82 1171 150 1228; x_wconf 89' lang='lat' dir='ltr'>bus</span> <span class='ocrx_word' id='word_1_57' title='bbox 164 1170 286 1248; x_wconf 71' lang='lat' dir='ltr'>praecisa</span> <span class='ocrx_word' id='word_1_58' title='bbox 298 1180 365 1230; x_wconf 71' lang='lat' dir='ltr'><em>eran</em></span> <span class='ocrx_word' id='word_1_59' title='bbox 408 1170 485 1230; x_wconf 87' lang='lat' dir='ltr'><em>Vera</em></span> <span class='ocrx_word' id='word_1_60' title='bbox 498 1181 606 1242; x_wconf 88' lang='lat' dir='ltr'><em>autem,</em></span> <span class='ocrx_word' id='word_1_61' title='bbox 628 1173 741 1251; x_wconf 85' lang='lat' dir='ltr'>opinor,</span> <span class='ocrx_word' id='word_1_62' title='bbox 762 1181 807 1232; x_wconf 87' lang='lat' dir='ltr'>est</span> <span class='ocrx_word' id='word_1_63' title='bbox 826 1173 969 1232; x_wconf 79' lang='lat' dir='ltr'><em>sentemia</em></span> <span class='ocrx_word' id='word_1_64' title='bbox 986 1173 1096 1253; x_wconf 83' lang='lat' dir='ltr'>Grang.</span> <span class='ocrx_word' id='word_1_65' title='bbox 1109 1184 1140 1235; x_wconf 90' lang='lat' dir='ltr'>et</span> <span class='ocrx_word' id='word_1_66' title='bbox 1152 1174 1229 1236; x_wconf 85' lang='lat' dir='ltr'>Ach.</span> 
     </span>
     <span class='ocr_line' id='line_1_8' title="bbox 84 1271 1229 1356; baseline 0.007 -28"><span class='ocrx_word' id='word_1_67' title='bbox 84 1271 142 1349; x_wconf 91' lang='lat' dir='ltr'>qui</span> <span class='ocrx_word' id='word_1_68' title='bbox 156 1281 275 1348; x_wconf 81' lang='lat' dir='ltr'>putant,</span> <span class='ocrx_word' id='word_1_69' title='bbox 298 1272 336 1332; x_wconf 89' lang='lat' dir='ltr'>sb</span> <span class='ocrx_word' id='word_1_70' title='bbox 356 1291 392 1330; x_wconf 88' lang='lat' dir='ltr'>eo</span> <span class='ocrx_word' id='word_1_71' title='bbox 412 1271 559 1350; x_wconf 75' lang='lat' dir='ltr'>designari</span> <span class='ocrx_word' id='word_1_72' title='bbox 578 1273 721 1353; x_wconf 79' lang='lat' dir='ltr'>suffragia</span> <span class='ocrx_word' id='word_1_73' title='bbox 739 1273 868 1352; x_wconf 78' lang='lat' dir='ltr'><em>eligendi</em></span> <span class='ocrx_word' id='word_1_74' title='bbox 881 1274 1069 1353; x_wconf 86' lang='lat' dir='ltr'>imperatoris</span> <span class='ocrx_word' id='word_1_75' title='bbox 1081 1286 1112 1337; x_wconf 90' lang='lat' dir='ltr'>et</span> <span class='ocrx_word' id='word_1_76' title='bbox 1123 1277 1229 1356; x_wconf 81' lang='lat' dir='ltr'>respici</span> 
     </span>
     <span class='ocr_line' id='line_1_9' title="bbox 86 1371 1230 1452; baseline 0.005 -21"><span class='ocrx_word' id='word_1_77' title='bbox 86 1393 130 1441; x_wconf 82' lang='lat' dir='ltr'>es,</span> <span class='ocrx_word' id='word_1_78' title='bbox 146 1391 217 1450; x_wconf 77' lang='lat' dir='ltr'><em>quse</em></span> <span class='ocrx_word' id='word_1_79' title='bbox 231 1371 320 1431; x_wconf 88' lang='lat' dir='ltr'>tradit</span> <span class='ocrx_word' id='word_1_80' title='bbox 334 1372 403 1432; x_wconf 86' lang='lat' dir='ltr'>Tac.</span> <span class='ocrx_word' id='word_1_81' title='bbox 418 1374 497 1432; x_wconf 87' lang='lat' dir='ltr'>Anu.</span> <span class='ocrx_word' id='word_1_82' title='bbox 513 1375 580 1445; x_wconf 88' lang='lat' dir='ltr'>XV,</span> <span class='ocrx_word' id='word_1_83' title='bbox 596 1372 644 1434; x_wconf 84' lang='grc'>65.</span> <span class='ocrx_word' id='word_1_84' title='bbox 685 1375 775 1434; x_wconf 86' lang='lat' dir='ltr'><em>Fama</em></span> <span class='ocrx_word' id='word_1_85' title='bbox 784 1373 860 1452; x_wconf 81' lang='lat' dir='ltr'>fait,</span> <span class='ocrx_word' id='word_1_86' title='bbox 882 1375 1014 1434; x_wconf 75' lang='lat' dir='ltr'><em>Subrium</em></span> <span class='ocrx_word' id='word_1_87' title='bbox 1027 1376 1155 1436; x_wconf 78' lang='lat' dir='ltr'>Flauiani</span> <span class='ocrx_word' id='word_1_88' title='bbox 1168 1393 1230 1437; x_wconf 81' lang='lat' dir='ltr'>casa</span> 
     </span>
     <span class='ocr_line' id='line_1_10' title="bbox 88 1473 1230 1554; baseline 0.004 -20"><span class='ocrx_word' id='word_1_89' title='bbox 88 1473 295 1534; x_wconf 67' lang='lat' dir='ltr'>centurionibus</span> <span class='ocrx_word' id='word_1_90' title='bbox 307 1473 544 1545; x_wconf 71' lang='lat' dir='ltr'>acmlto&#39;carrrilia,</span> <span class='ocrx_word' id='word_1_91' title='bbox 559 1495 645 1554; x_wconf 75' lang='lat' dir='ltr'><em>nepta</em></span> <span class='ocrx_word' id='word_1_92' title='bbox 654 1483 744 1534; x_wconf 76' lang='lat' dir='ltr'><em>tanren</em></span> <span class='ocrx_word' id='word_1_93' title='bbox 752 1475 900 1554; x_wconf 71' lang='lat' dir='ltr'>ignorante</span> <span class='ocrx_word' id='word_1_94' title='bbox 913 1477 1028 1547; x_wconf 82' lang='lat' dir='ltr'><em>Seneca,</em></span> <span class='ocrx_word' id='word_1_95' title='bbox 1042 1478 1230 1550; x_wconf 73' lang='lat' dir='ltr'>destinavisse,</span> 
     </span>
     <span class='ocr_line' id='line_1_11' title="bbox 89 1575 1246 1657; baseline 0.006 -25"><span class='ocrx_word' id='word_1_96' title='bbox 89 1585 121 1633; x_wconf 87' lang='lat' dir='ltr'>at</span> <span class='ocrx_word' id='word_1_97' title='bbox 133 1584 200 1654; x_wconf 83' lang='lat' dir='ltr'>past</span> <span class='ocrx_word' id='word_1_98' title='bbox 213 1576 330 1635; x_wconf 74' lang='lat' dir='ltr'>mairam</span> <span class='ocrx_word' id='word_1_99' title='bbox 344 1595 428 1654; x_wconf 65' lang='lat' dir='ltr'><em>quera</em></span> <span class='ocrx_word' id='word_1_100' title='bbox 448 1575 561 1635; x_wconf 85' lang='lat' dir='ltr'>Pisonis</span> <span class='ocrx_word' id='word_1_101' title='bbox 574 1575 714 1636; x_wconf 86' lang='lat' dir='ltr'><em>Neronem</em></span> <span class='ocrx_word' id='word_1_102' title='bbox 734 1577 804 1636; x_wconf 87' lang='lat' dir='ltr'>Piso</span> <span class='ocrx_word' id='word_1_103' title='bbox 824 1597 929 1657; x_wconf 71' lang='lat' dir='ltr'><em>qaoque</em></span> <span class='ocrx_word' id='word_1_104' title='bbox 948 1577 1151 1654; x_wconf 81' lang='lat' dir='ltr'><em>interficeretur</em></span> <span class='ocrx_word' id='word_1_105' title='bbox 1170 1590 1246 1639; x_wconf 85' lang='lat' dir='ltr'>tra·&#39;</span> 
     </span>
     <span class='ocr_line' id='line_1_12' title="bbox 91 1671 1231 1753; baseline 0.004 -21"><span class='ocrx_word' id='word_1_106' title='bbox 91 1673 256 1752; x_wconf 72' lang='lat' dir='ltr'><em>derenrqoe</em></span> <span class='ocrx_word' id='word_1_107' title='bbox 267 1672 413 1752; x_wconf 79' lang='lat' dir='ltr'>imperium</span> <span class='ocrx_word' id='word_1_108' title='bbox 427 1671 548 1742; x_wconf 81' lang='lat' dir='ltr'><em>Seneca,</em></span> <span class='ocrx_word' id='word_1_109' title='bbox 562 1674 644 1753; x_wconf 82' lang='lat' dir='ltr'>quasi</span> <span class='ocrx_word' id='word_1_110' title='bbox 657 1673 767 1743; x_wconf 83' lang='lat' dir='ltr'>insonti,</span> <span class='ocrx_word' id='word_1_111' title='bbox 781 1673 948 1734; x_wconf 79' lang='lat' dir='ltr'>claritudine</span> <span class='ocrx_word' id='word_1_112' title='bbox 960 1674 1091 1735; x_wconf 62' lang='lat' dir='ltr'>vinnan</span> <span class='ocrx_word' id='word_1_113' title='bbox 1106 1678 1146 1735; x_wconf 82' lang='lat' dir='ltr'>ad</span> <span class='ocrx_word' id='word_1_114' title='bbox 1156 1698 1231 1736; x_wconf 82' lang='lat' dir='ltr'>suin·</span> 
     </span>
     <span class='ocr_line' id='line_1_13' title="bbox 93 1767 1229 1850; baseline 0.008 -24"><span class='ocrx_word' id='word_1_115' title='bbox 93 1789 170 1826; x_wconf 80' lang='lat' dir='ltr'>mana</span> <span class='ocrx_word' id='word_1_116' title='bbox 183 1767 337 1848; x_wconf 79' lang='lat' dir='ltr'>fastigium</span> <span class='ocrx_word' id='word_1_117' title='bbox 359 1769 467 1828; x_wconf 78' lang='lat' dir='ltr'><em>delecto.</em></span> <span class='ocrx_word' id='word_1_118' title='bbox 490 1802 531 1816; x_wconf 95' lang='lat'><em>-</em></span> <span class='ocrx_word' id='word_1_119' title='bbox 553 1769 696 1842; x_wconf 80' lang='lat' dir='ltr'><em>Senecam,</em></span> <span class='ocrx_word' id='word_1_120' title='bbox 720 1770 816 1830; x_wconf 78' lang='lat' dir='ltr'>viuum</span> <span class='ocrx_word' id='word_1_121' title='bbox 836 1771 1006 1850; x_wconf 74' lang='lat' dir='ltr'>ignobilem,</span> <span class='ocrx_word' id='word_1_122' title='bbox 1033 1774 1087 1834; x_wconf 89' lang='lat' dir='ltr'>sed</span> <span class='ocrx_word' id='word_1_123' title='bbox 1109 1775 1229 1846; x_wconf 85' lang='lat' dir='ltr'>bonum,</span> 
     </span>
     <span class='ocr_line' id='line_1_14' title="bbox 95 1865 957 1952; baseline 0.001 -20"><span class='ocrx_word' id='word_1_124' title='bbox 95 1883 175 1932; x_wconf 83' lang='lat' dir='ltr'><em>certe</em></span> <span class='ocrx_word' id='word_1_125' title='bbox 187 1871 282 1931; x_wconf 85' lang='lat' dir='ltr'>multo</span> <span class='ocrx_word' id='word_1_126' title='bbox 295 1865 446 1932; x_wconf 85' lang='lat' dir='ltr'><em>meliorem</em></span> <span class='ocrx_word' id='word_1_127' title='bbox 459 1870 639 1950; x_wconf 85' lang='lat' dir='ltr'>Imperioque</span> <span class='ocrx_word' id='word_1_128' title='bbox 653 1873 818 1952; x_wconf 74' lang='lat' dir='ltr'>digniorem</span> <span class='ocrx_word' id='word_1_129' title='bbox 831 1874 957 1935; x_wconf 83' lang='lat' dir='ltr'><em>Nerone.</em></span> 
     </span>
    </p>

    <p class='ocr_par' dir='ltr' id='par_1_4' title="bbox 95 1973 1235 4050">
     <span class='ocr_line' id='line_1_15' title="bbox 130 1973 1231 2056; baseline 0.003 -22"><span class='ocrx_word' id='word_1_130' title='bbox 130 1981 201 2034; x_wconf 88' lang='grc'><strong>213.</strong></span> <span class='ocrx_word' id='word_1_131' title='bbox 216 1981 286 2036; x_wconf 77' lang='lat'>214.</span> <span class='ocrx_word' id='word_1_132' title='bbox 308 1974 389 2034; x_wconf 90' lang='lat' dir='ltr'><em>Nero</em></span> <span class='ocrx_word' id='word_1_133' title='bbox 408 1974 582 2053; x_wconf 76' lang='lat' dir='ltr'><em>graviorem,</em></span> <span class='ocrx_word' id='word_1_134' title='bbox 603 1993 692 2052; x_wconf 88' lang='lat' dir='ltr'>quam</span> <span class='ocrx_word' id='word_1_135' title='bbox 705 1973 858 2052; x_wconf 77' lang='lat' dir='ltr'>vulgarem</span> <span class='ocrx_word' id='word_1_136' title='bbox 872 1976 1020 2053; x_wconf 71' lang='lat' dir='ltr'>parricidii</span> <span class='ocrx_word' id='word_1_137' title='bbox 1033 1997 1159 2056; x_wconf 83' lang='lat' dir='ltr'>poenam,</span> <span class='ocrx_word' id='word_1_138' title='bbox 1176 1996 1231 2037; x_wconf 92' lang='lat' dir='ltr'>nec</span> 
     </span>
     <span class='ocr_line' id='line_1_16' title="bbox 95 2071 1229 2153; baseline 0.001 -22"><span class='ocrx_word' id='word_1_139' title='bbox 95 2071 192 2142; x_wconf 84' lang='lat' dir='ltr'><em>semel,</em></span> <span class='ocrx_word' id='word_1_140' title='bbox 218 2071 270 2130; x_wconf 90' lang='lat' dir='ltr'>sed</span> <span class='ocrx_word' id='word_1_141' title='bbox 294 2071 401 2149; x_wconf 78' lang='lat' dir='ltr'>soepius</span> <span class='ocrx_word' id='word_1_142' title='bbox 423 2071 539 2141; x_wconf 86' lang='lat' dir='ltr'>meruit,</span> <span class='ocrx_word' id='word_1_143' title='bbox 564 2071 703 2149; x_wconf 83' lang='lat' dir='ltr'>quoniam</span> <span class='ocrx_word' id='word_1_144' title='bbox 724 2071 812 2149; x_wconf 86' lang='lat' dir='ltr'>plura</span> <span class='ocrx_word' id='word_1_145' title='bbox 834 2072 978 2132; x_wconf 72' lang='lat' dir='ltr'>commisit</span> <span class='ocrx_word' id='word_1_146' title='bbox 999 2076 1162 2151; x_wconf 85' lang='lat' dir='ltr'>parricidia.</span> <span class='ocrx_word' id='word_1_147' title='bbox 1186 2077 1229 2153; x_wconf 87' lang='lat' dir='ltr'>(v.</span> 
     </span>
     <span class='ocr_line' id='line_1_17' title="bbox 98 2172 1229 2252; baseline 0.001 -18"><span class='ocrx_word' id='word_1_148' title='bbox 98 2176 178 2234; x_wconf 86' lang='lat' dir='ltr'><em>Suet.</em></span> <span class='ocrx_word' id='word_1_149' title='bbox 191 2173 260 2233; x_wconf 88' lang='lat' dir='ltr'><em>Ner.</em></span> <span class='ocrx_word' id='word_1_150' title='bbox 276 2177 341 2252; x_wconf 81' lang='lat'>45.)</span> <span class='ocrx_word' id='word_1_151' title='bbox 383 2172 501 2234; x_wconf 81' lang='lat' dir='ltr'><strong>Occidit</strong></span> <span class='ocrx_word' id='word_1_152' title='bbox 513 2173 590 2232; x_wconf 88' lang='lat' dir='ltr'>enim</span> <span class='ocrx_word' id='word_1_153' title='bbox 605 2173 653 2232; x_wconf 86' lang='lat' dir='ltr'>vel</span> <span class='ocrx_word' id='word_1_154' title='bbox 666 2173 759 2232; x_wconf 91' lang='lat' dir='ltr'>occidi</span> <span class='ocrx_word' id='word_1_155' title='bbox 776 2173 866 2252; x_wconf 87' lang='lat' dir='ltr'>jussit</span> <span class='ocrx_word' id='word_1_156' title='bbox 882 2174 1079 2252; x_wconf 79' lang='lat' dir='ltr'>Agrippinam</span> <span class='ocrx_word' id='word_1_157' title='bbox 1098 2187 1229 2246; x_wconf 88' lang='lat' dir='ltr'><em>matrem,</em></span> 
     </span>
     <span class='ocr_line' id='line_1_18' title="bbox 97 2274 1231 2353; baseline 0.002 -18"><span class='ocrx_word' id='word_1_158' title='bbox 97 2275 255 2336; x_wconf 72' lang='lat' dir='ltr'>Domitiam</span> <span class='ocrx_word' id='word_1_159' title='bbox 270 2275 401 2344; x_wconf 89' lang='lat' dir='ltr'>amitam,</span> <span class='ocrx_word' id='word_1_160' title='bbox 423 2274 577 2334; x_wconf 75' lang='lat' dir='ltr'>Octaviam</span> <span class='ocrx_word' id='word_1_161' title='bbox 591 2275 807 2353; x_wconf 74' lang='lat' dir='ltr'>Poppaeamque</span> <span class='ocrx_word' id='word_1_162' title='bbox 820 2295 936 2347; x_wconf 80' lang='lat' dir='ltr'><em>uxores,</em></span> <span class='ocrx_word' id='word_1_163' title='bbox 956 2275 1157 2336; x_wconf 86' lang='lat' dir='ltr'>Britannicum</span> <span class='ocrx_word' id='word_1_164' title='bbox 1172 2279 1231 2338; x_wconf 85' lang='lat' dir='ltr'>ira·</span> 
     </span>
     <span class='ocr_line' id='line_1_19' title="bbox 97 2373 1231 2455; baseline -0.003 -18"><span class='ocrx_word' id='word_1_165' title='bbox 97 2389 179 2445; x_wconf 88' lang='lat' dir='ltr'><em>trem,</em></span> <span class='ocrx_word' id='word_1_166' title='bbox 200 2375 371 2445; x_wconf 76' lang='lat' dir='ltr'>Antoniam,</span> <span class='ocrx_word' id='word_1_167' title='bbox 393 2374 507 2434; x_wconf 88' lang='lat' dir='ltr'>Claudii</span> <span class='ocrx_word' id='word_1_168' title='bbox 527 2375 625 2444; x_wconf 83' lang='lat' dir='ltr'>filiam,</span> <span class='ocrx_word' id='word_1_169' title='bbox 652 2374 771 2434; x_wconf 88' lang='lat' dir='ltr'>Rufium</span> <span class='ocrx_word' id='word_1_170' title='bbox 793 2373 970 2452; x_wconf 78' lang='lat' dir='ltr'>Crispinum,</span> <span class='ocrx_word' id='word_1_171' title='bbox 998 2375 1128 2451; x_wconf 83' lang='lat' dir='ltr'>primuni</span> <span class='ocrx_word' id='word_1_172' title='bbox 1155 2376 1231 2455; x_wconf 90' lang='lat' dir='ltr'>Pop-</span> 
     </span>
     <span class='ocr_line' id='line_1_20' title="bbox 97 2471 1231 2555; baseline 0 -21"><span class='ocrx_word' id='word_1_173' title='bbox 97 2479 166 2555; x_wconf 75' lang='lat' dir='ltr'>paear&#39;</span> <span class='ocrx_word' id='word_1_174' title='bbox 178 2475 325 2543; x_wconf 79' lang='lat' dir='ltr'>meritum,</span> <span class='ocrx_word' id='word_1_175' title='bbox 340 2473 464 2552; x_wconf 84' lang='lat' dir='ltr'><em>ejusque</em></span> <span class='ocrx_word' id='word_1_176' title='bbox 478 2472 571 2531; x_wconf 87' lang='lat' dir='ltr'>filium</span> <span class='ocrx_word' id='word_1_177' title='bbox 585 2471 682 2532; x_wconf 88' lang='lat' dir='ltr'>adhuc</span> <span class='ocrx_word' id='word_1_178' title='bbox 696 2471 889 2550; x_wconf 86' lang='lat' dir='ltr'><em>Impuberem‚</em></span> <span class='ocrx_word' id='word_1_179' title='bbox 910 2471 1022 2531; x_wconf 83' lang='lat' dir='ltr'>Aulum</span> <span class='ocrx_word' id='word_1_180' title='bbox 1040 2473 1189 2534; x_wconf 88' lang='lat' dir='ltr'>Plautium</span> <span class='ocrx_word' id='word_1_181' title='bbox 1200 2486 1231 2534; x_wconf 88' lang='lat' dir='ltr'>et</span> 
     </span>
     <span class='ocr_line' id='line_1_21' title="bbox 97 2567 1232 2651; baseline 0 -18"><span class='ocrx_word' id='word_1_182' title='bbox 97 2574 175 2644; x_wconf 80' lang='lat' dir='ltr'>alios,</span> <span class='ocrx_word' id='word_1_183' title='bbox 197 2585 250 2635; x_wconf 92' lang='lat' dir='ltr'>aut</span> <span class='ocrx_word' id='word_1_184' title='bbox 272 2572 408 2633; x_wconf 80' lang='lat' dir='ltr'>affinitate</span> <span class='ocrx_word' id='word_1_185' title='bbox 431 2571 529 2651; x_wconf 85' lang='lat' dir='ltr'>aliqua</span> <span class='ocrx_word' id='word_1_186' title='bbox 550 2569 605 2630; x_wconf 90' lang='lat' dir='ltr'>sibi</span> <span class='ocrx_word' id='word_1_187' title='bbox 629 2581 680 2629; x_wconf 85' lang='lat' dir='ltr'>aut</span> <span class='ocrx_word' id='word_1_188' title='bbox 703 2567 922 2648; x_wconf 72' lang='lat' dir='ltr'>propinquitate</span> <span class='ocrx_word' id='word_1_189' title='bbox 942 2570 1130 2649; x_wconf 88' lang='lat' dir='ltr'>conjunctos;</span> <span class='ocrx_word' id='word_1_190' title='bbox 1151 2572 1232 2651; x_wconf 86' lang='lat' dir='ltr'>quod</span> 
     </span>
     <span class='ocr_line' id='line_1_22' title="bbox 96 2668 1230 2747; baseline -0.002 -14"><span class='ocrx_word' id='word_1_191' title='bbox 96 2684 203 2733; x_wconf 83' lang='lat' dir='ltr'>notum</span> <span class='ocrx_word' id='word_1_192' title='bbox 218 2672 312 2731; x_wconf 79' lang='lat' dir='ltr'><em>velex</em></span> <span class='ocrx_word' id='word_1_193' title='bbox 326 2671 429 2731; x_wconf 88' lang='lat' dir='ltr'>Tacito</span> <span class='ocrx_word' id='word_1_194' title='bbox 444 2680 475 2730; x_wconf 90' lang='lat' dir='ltr'>et</span> <span class='ocrx_word' id='word_1_195' title='bbox 488 2669 567 2729; x_wconf 79' lang='lat' dir='ltr'><em>Suet.</em></span> <span class='ocrx_word' id='word_1_196' title='bbox 582 2669 653 2728; x_wconf 87' lang='lat' dir='ltr'><em>Ner.</em></span> <span class='ocrx_word' id='word_1_197' title='bbox 668 2674 797 2728; x_wconf 78' lang='lat'><strong><em>33-35.</em></strong></span> <span class='ocrx_word' id='word_1_198' title='bbox 833 2668 924 2727; x_wconf 86' lang='lat' dir='ltr'>Poens</span> <span class='ocrx_word' id='word_1_199' title='bbox 935 2669 1146 2747; x_wconf 80' lang='lat' dir='ltr'>parricidarum</span> <span class='ocrx_word' id='word_1_200' title='bbox 1158 2682 1230 2743; x_wconf 89' lang='lat' dir='ltr'><em>erat,</em></span> 
     </span>
     <span class='ocr_line' id='line_1_23' title="bbox 96 2770 1233 2853; baseline -0.002 -17"><span class='ocrx_word' id='word_1_201' title='bbox 96 2789 143 2845; x_wconf 87' lang='lat' dir='ltr'>ut,</span> <span class='ocrx_word' id='word_1_202' title='bbox 170 2775 263 2853; x_wconf 83' lang='lat' dir='ltr'>virgis</span> <span class='ocrx_word' id='word_1_203' title='bbox 283 2774 444 2853; x_wconf 78' lang='lat' dir='ltr'>sanguineis</span> <span class='ocrx_word' id='word_1_204' title='bbox 464 2773 539 2843; x_wconf 81' lang='lat' dir='ltr'><em>eaesi,</em></span> <span class='ocrx_word' id='word_1_205' title='bbox 561 2791 629 2831; x_wconf 88' lang='lat' dir='ltr'>cum</span> <span class='ocrx_word' id='word_1_206' title='bbox 650 2770 740 2842; x_wconf 71' lang='lat' dir='ltr'>nmio,</span> <span class='ocrx_word' id='word_1_207' title='bbox 762 2781 896 2849; x_wconf 74' lang='lat' dir='ltr'><em>serpente,</em></span> <span class='ocrx_word' id='word_1_208' title='bbox 922 2770 1002 2849; x_wconf 80' lang='lat' dir='ltr'>gullo</span> <span class='ocrx_word' id='word_1_209' title='bbox 1020 2772 1182 2849; x_wconf 80' lang='lat' dir='ltr'>gallinaceo</span> <span class='ocrx_word' id='word_1_210' title='bbox 1201 2786 1233 2834; x_wconf 91' lang='lat' dir='ltr'>et</span> 
     </span>
     <span class='ocr_line' id='line_1_24' title="bbox 97 2872 1232 2951; baseline -0.004 -12"><span class='ocrx_word' id='word_1_211' title='bbox 97 2897 173 2939; x_wconf 87' lang='lat' dir='ltr'><em>cane</em></span> <span class='ocrx_word' id='word_1_212' title='bbox 189 2878 265 2937; x_wconf 80' lang='lat' dir='ltr'><em>caleo</em></span> <span class='ocrx_word' id='word_1_213' title='bbox 275 2876 361 2935; x_wconf 88' lang='lat' dir='ltr'>insuti</span> <span class='ocrx_word' id='word_1_214' title='bbox 382 2876 414 2934; x_wconf 92' lang='lat' dir='ltr'>in</span> <span class='ocrx_word' id='word_1_215' title='bbox 433 2894 513 2933; x_wconf 90' lang='lat' dir='ltr'><em>mare</em></span> <span class='ocrx_word' id='word_1_216' title='bbox 526 2874 574 2933; x_wconf 84' lang='lat' dir='ltr'>rel</span> <span class='ocrx_word' id='word_1_217' title='bbox 589 2874 699 2932; x_wconf 90' lang='lat' dir='ltr'>flumen</span> <span class='ocrx_word' id='word_1_218' title='bbox 712 2872 880 2951; x_wconf 85' lang='lat' dir='ltr'>proximum</span> <span class='ocrx_word' id='word_1_219' title='bbox 893 2872 1133 2951; x_wconf 80' lang='lat' dir='ltr'><em>demergerentur</em></span> <span class='ocrx_word' id='word_1_220' title='bbox 1145 2886 1176 2934; x_wconf 87' lang='lat' dir='ltr'>et</span> <span class='ocrx_word' id='word_1_221' title='bbox 1189 2876 1232 2935; x_wconf 90' lang='lat' dir='ltr'>sic</span> 
     </span>
     <span class='ocr_line' id='line_1_25' title="bbox 98 2970 1234 3055; baseline -0.001 -22"><span class='ocrx_word' id='word_1_222' title='bbox 98 2986 220 3055; x_wconf 90' lang='lat' dir='ltr'><em>repente</em></span> <span class='ocrx_word' id='word_1_223' title='bbox 234 2974 314 3043; x_wconf 85' lang='lat' dir='ltr'>coelo,</span> <span class='ocrx_word' id='word_1_224' title='bbox 330 2973 398 3045; x_wconf 86' lang='lat' dir='ltr'><em>sole,</em></span> <span class='ocrx_word' id='word_1_225' title='bbox 412 2994 488 3052; x_wconf 84' lang='lat' dir='ltr'>squs</span> <span class='ocrx_word' id='word_1_226' title='bbox 501 2984 636 3050; x_wconf 88' lang='lat' dir='ltr'><em>terraque</em></span> <span class='ocrx_word' id='word_1_227' title='bbox 649 2972 844 3050; x_wconf 80' lang='lat' dir='ltr'>privarentur.</span> <span class='ocrx_word' id='word_1_228' title='bbox 866 2971 908 3047; x_wconf 83' lang='lat' dir='ltr'>(v.</span> <span class='ocrx_word' id='word_1_229' title='bbox 922 2970 982 3031; x_wconf 82' lang='lat' dir='ltr'>Cic.</span> <span class='ocrx_word' id='word_1_230' title='bbox 996 2990 1051 3049; x_wconf 92' lang='lat' dir='ltr'>pro</span> <span class='ocrx_word' id='word_1_231' title='bbox 1065 2972 1148 3031; x_wconf 84' lang='lat' dir='ltr'>Raso.</span> <span class='ocrx_word' id='word_1_232' title='bbox 1161 2971 1234 3033; x_wconf 85' lang='lat' dir='ltr'>Am.</span> 
     </span>
     <span class='ocr_line' id='line_1_26' title="bbox 102 3067 1233 3153; baseline -0.005 -19"><span class='ocrx_word' id='word_1_233' title='bbox 102 3079 161 3153; x_wconf 79' lang='lat'><strong>7⁰.)</strong></span> <span class='ocrx_word' id='word_1_234' title='bbox 204 3073 280 3133; x_wconf 81' lang='lat' dir='ltr'><em>Hsec</em></span> <span class='ocrx_word' id='word_1_235' title='bbox 295 3072 371 3132; x_wconf 91' lang='lat' dir='ltr'>culei</span> <span class='ocrx_word' id='word_1_236' title='bbox 391 3091 479 3151; x_wconf 85' lang='lat' dir='ltr'>poena</span> <span class='ocrx_word' id='word_1_237' title='bbox 494 3074 557 3151; x_wconf 85' lang='lat' dir='ltr'>jam</span> <span class='ocrx_word' id='word_1_238' title='bbox 571 3070 723 3149; x_wconf 84' lang='lat' dir='ltr'>Tarquinii</span> <span class='ocrx_word' id='word_1_239' title='bbox 737 3069 918 3149; x_wconf 67' lang='lat' dir='ltr'>temporibus</span> <span class='ocrx_word' id='word_1_240' title='bbox 932 3070 963 3127; x_wconf 89' lang='lat' dir='ltr'>in</span> <span class='ocrx_word' id='word_1_241' title='bbox 983 3067 1154 3129; x_wconf 84' lang='lat' dir='ltr'>criminibus</span> <span class='ocrx_word' id='word_1_242' title='bbox 1166 3069 1233 3148; x_wconf 82' lang='lat' dir='ltr'>qui·</span> 
     </span>
     <span class='ocr_line' id='line_1_27' title="bbox 101 3168 1232 3251; baseline -0.008 -15"><span class='ocrx_word' id='word_1_243' title='bbox 101 3175 220 3235; x_wconf 77' lang='lat' dir='ltr'>busdam</span> <span class='ocrx_word' id='word_1_244' title='bbox 236 3172 363 3251; x_wconf 81' lang='lat' dir='ltr'>cognitu,</span> <span class='ocrx_word' id='word_1_245' title='bbox 384 3182 450 3250; x_wconf 87' lang='lat' dir='ltr'>post</span> <span class='ocrx_word' id='word_1_246' title='bbox 459 3228 460 3233; x_wconf 71' lang='grc'>,</span> <span class='ocrx_word' id='word_1_247' title='bbox 470 3171 577 3250; x_wconf 85' lang='lat' dir='ltr'><em>ejectos</em></span> <span class='ocrx_word' id='word_1_248' title='bbox 594 3169 699 3229; x_wconf 90' lang='lat' dir='ltr'><em>deinde</em></span> <span class='ocrx_word' id='word_1_249' title='bbox 715 3169 810 3248; x_wconf 84' lang='lat' dir='ltr'><em>Reges</em></span> <span class='ocrx_word' id='word_1_250' title='bbox 823 3168 1032 3230; x_wconf 88' lang='lat' dir='ltr'>consuetudine</span> <span class='ocrx_word' id='word_1_251' title='bbox 1046 3179 1159 3227; x_wconf 83' lang='lat' dir='ltr'><em>serrata</em></span> <span class='ocrx_word' id='word_1_252' title='bbox 1171 3178 1232 3227; x_wconf 94' lang='lat' dir='ltr'>eta</span> 
     </span>
     <span class='ocr_line' id='line_1_28' title="bbox 102 3270 1233 3350; baseline -0.006 -13"><span class='ocrx_word' id='word_1_253' title='bbox 102 3275 276 3337; x_wconf 81' lang='lat' dir='ltr'><em>Decemviris</em></span> <span class='ocrx_word' id='word_1_254' title='bbox 290 3275 321 3332; x_wconf 92' lang='lat' dir='ltr'>in</span> <span class='ocrx_word' id='word_1_255' title='bbox 336 3274 398 3331; x_wconf 87' lang='lat' dir='ltr'>XII</span> <span class='ocrx_word' id='word_1_256' title='bbox 412 3272 518 3333; x_wconf 81' lang='lat' dir='ltr'>tabulis</span> <span class='ocrx_word' id='word_1_257' title='bbox 532 3271 651 3350; x_wconf 83' lang='lat' dir='ltr'>propria</span> <span class='ocrx_word' id='word_1_258' title='bbox 664 3271 820 3349; x_wconf 77' lang='lat' dir='ltr'>parricidio</span> <span class='ocrx_word' id='word_1_259' title='bbox 832 3271 929 3340; x_wconf 79' lang='lat' dir='ltr'>iacta3</span> <span class='ocrx_word' id='word_1_260' title='bbox 953 3270 1047 3329; x_wconf 72' lang='lat' dir='ltr'>nnus</span> <span class='ocrx_word' id='word_1_261' title='bbox 1060 3279 1159 3329; x_wconf 90' lang='lat' dir='ltr'>autem</span> <span class='ocrx_word' id='word_1_262' title='bbox 1171 3290 1233 3330; x_wconf 88' lang='lat' dir='ltr'>sao·</span> 
     </span>
     <span class='ocr_line' id='line_1_29' title="bbox 104 3367 1232 3449; baseline -0.004 -14"><span class='ocrx_word' id='word_1_263' title='bbox 104 3397 155 3435; x_wconf 89' lang='lat' dir='ltr'>cus</span> <span class='ocrx_word' id='word_1_264' title='bbox 167 3376 223 3435; x_wconf 88' lang='lat' dir='ltr'>iuit</span> <span class='ocrx_word' id='word_1_265' title='bbox 234 3396 250 3434; x_wconf 89' lang='lat' dir='ltr'>e</span> <span class='ocrx_word' id='word_1_266' title='bbox 263 3374 343 3435; x_wconf 89' lang='lat' dir='ltr'>corio</span> <span class='ocrx_word' id='word_1_267' title='bbox 358 3371 474 3432; x_wconf 88' lang='lat' dir='ltr'>taurino</span> <span class='ocrx_word' id='word_1_268' title='bbox 486 3382 515 3431; x_wconf 90' lang='lat' dir='ltr'>et</span> <span class='ocrx_word' id='word_1_269' title='bbox 529 3371 648 3449; x_wconf 87' lang='lat' dir='ltr'>quidem</span> <span class='ocrx_word' id='word_1_270' title='bbox 665 3370 785 3441; x_wconf 87' lang='lat' dir='ltr'><em>recenti,</em></span> <span class='ocrx_word' id='word_1_271' title='bbox 805 3390 844 3429; x_wconf 92' lang='lat' dir='ltr'>ne</span> <span class='ocrx_word' id='word_1_272' title='bbox 863 3388 939 3446; x_wconf 87' lang='lat' dir='ltr'>aqua</span> <span class='ocrx_word' id='word_1_273' title='bbox 957 3367 1042 3427; x_wconf 80' lang='lat' dir='ltr'>facile</span> <span class='ocrx_word' id='word_1_274' title='bbox 1060 3381 1232 3447; x_wconf 84' lang='lat' dir='ltr'><em>penetraret.</em></span> 
     </span>
     <span class='ocr_line' id='line_1_30' title="bbox 105 3465 1233 3550; baseline -0.008 -16"><span class='ocrx_word' id='word_1_275' title='bbox 105 3472 250 3534; x_wconf 82' lang='lat' dir='ltr'>Animalia</span> <span class='ocrx_word' id='word_1_276' title='bbox 260 3474 474 3550; x_wconf 84' lang='lat' dir='ltr'>imperatorum</span> <span class='ocrx_word' id='word_1_277' title='bbox 488 3469 607 3529; x_wconf 88' lang='lat' dir='ltr'>demum</span> <span class='ocrx_word' id='word_1_278' title='bbox 626 3478 710 3529; x_wconf 71' lang='lat' dir='ltr'><em>etate</em></span> <span class='ocrx_word' id='word_1_279' title='bbox 730 3468 814 3527; x_wconf 90' lang='lat' dir='ltr'>culeo</span> <span class='ocrx_word' id='word_1_280' title='bbox 833 3465 933 3525; x_wconf 87' lang='lat' dir='ltr'>addita</span> <span class='ocrx_word' id='word_1_281' title='bbox 947 3465 1093 3537; x_wconf 86' lang='lat' dir='ltr'>videntur,</span> <span class='ocrx_word' id='word_1_282' title='bbox 1114 3488 1233 3548; x_wconf 83' lang='lat' dir='ltr'><em>exaspe-</em></span> 
     </span>
     <span class='ocr_line' id='line_1_31' title="bbox 103 3568 1233 3652; baseline -0.003 -19"><span class='ocrx_word' id='word_1_283' title='bbox 103 3586 166 3635; x_wconf 82' lang='lat' dir='ltr'>rata</span> <span class='ocrx_word' id='word_1_284' title='bbox 179 3574 250 3633; x_wconf 77' lang='lat' dir='ltr'><em>sorte</em></span> <span class='ocrx_word' id='word_1_285' title='bbox 263 3592 361 3652; x_wconf 86' lang='lat' dir='ltr'>poena,</span> <span class='ocrx_word' id='word_1_286' title='bbox 383 3589 474 3652; x_wconf 88' lang='lat' dir='ltr'>quum</span> <span class='ocrx_word' id='word_1_287' title='bbox 492 3570 674 3649; x_wconf 83' lang='lat' dir='ltr'>frequentius</span> <span class='ocrx_word' id='word_1_288' title='bbox 687 3569 917 3629; x_wconf 88' lang='lat' dir='ltr'>committeretur</span> <span class='ocrx_word' id='word_1_289' title='bbox 929 3568 1084 3628; x_wconf 75' lang='lat' dir='ltr'>facinus-⁶⁴</span> <span class='ocrx_word' id='word_1_290' title='bbox 1125 3570 1233 3630; x_wconf 89' lang='lat' dir='ltr'>Secun-</span> 
     </span>
     <span class='ocr_line' id='line_1_32' title="bbox 103 3664 1233 3737; baseline -0.005 -6"><span class='ocrx_word' id='word_1_291' title='bbox 103 3673 172 3731; x_wconf 88' lang='lat' dir='ltr'>dum</span> <span class='ocrx_word' id='word_1_292' title='bbox 194 3672 234 3731; x_wconf 85' lang='lat' dir='ltr'>D.</span> <span class='ocrx_word' id='word_1_293' title='bbox 255 3668 400 3729; x_wconf 84' lang='lat' dir='ltr'>Hadriani</span> <span class='ocrx_word' id='word_1_294' title='bbox 421 3667 664 3737; x_wconf 79' lang='lat' dir='ltr'>constitutionem,</span> <span class='ocrx_word' id='word_1_295' title='bbox 688 3666 713 3725; x_wconf 86' lang='lat' dir='ltr'>si</span> <span class='ocrx_word' id='word_1_296' title='bbox 734 3685 814 3724; x_wconf 86' lang='lat' dir='ltr'><em>mare</em></span> <span class='ocrx_word' id='word_1_297' title='bbox 833 3664 920 3723; x_wconf 90' lang='lat' dir='ltr'>nimis</span> <span class='ocrx_word' id='word_1_298' title='bbox 932 3677 1078 3725; x_wconf 90' lang='lat' dir='ltr'>remotum</span> <span class='ocrx_word' id='word_1_299' title='bbox 1091 3678 1175 3736; x_wconf 89' lang='lat' dir='ltr'><em>esset,</em></span> <span class='ocrx_word' id='word_1_300' title='bbox 1195 3665 1233 3726; x_wconf 85' lang='lat' dir='ltr'>sd</span> 
     </span>
     <span class='ocr_line' id='line_1_33' title="bbox 101 3766 1233 3848; baseline -0.01 -14"><span class='ocrx_word' id='word_1_301' title='bbox 101 3774 205 3833; x_wconf 69' lang='lat' dir='ltr'>bustim</span> <span class='ocrx_word' id='word_1_302' title='bbox 233 3771 502 3841; x_wconf 81' lang='lat' dir='ltr'>condemnabantur</span> <span class='ocrx_word' id='word_1_303' title='bbox 522 3768 674 3848; x_wconf 76' lang='lat' dir='ltr'>parricida·</span> <span class='ocrx_word' id='word_1_304' title='bbox 697 3778 748 3827; x_wconf 86' lang='lat' dir='ltr'>aut</span> <span class='ocrx_word' id='word_1_305' title='bbox 773 3766 834 3825; x_wconf 83' lang='lat' dir='ltr'>vivi</span> <span class='ocrx_word' id='word_1_306' title='bbox 855 3767 1107 3825; x_wconf 79' lang='lat' dir='ltr'>comburebantur.</span> <span class='ocrx_word' id='word_1_307' title='bbox 1151 3766 1233 3842; x_wconf 80' lang='lat' dir='ltr'><em>Lege</em></span> 
     </span>
     <span class='ocr_line' id='line_1_34' title="bbox 104 3864 1235 3955; baseline -0.011 -20"><span class='ocrx_word' id='word_1_308' title='bbox 104 3876 233 3955; x_wconf 87' lang='lat' dir='ltr'>Pompeii</span> <span class='ocrx_word' id='word_1_309' title='bbox 253 3874 292 3933; x_wconf 87' lang='lat' dir='ltr'>de</span> <span class='ocrx_word' id='word_1_310' title='bbox 310 3866 473 3952; x_wconf 71' lang='lat' dir='ltr'>parricidiis</span> <span class='ocrx_word' id='word_1_311' title='bbox 492 3870 548 3930; x_wconf 88' lang='lat' dir='ltr'>hoc</span> <span class='ocrx_word' id='word_1_312' title='bbox 568 3870 679 3929; x_wconf 89' lang='lat' dir='ltr'>crimen</span> <span class='ocrx_word' id='word_1_313' title='bbox 696 3868 734 3927; x_wconf 90' lang='lat' dir='ltr'>ad</span> <span class='ocrx_word' id='word_1_314' title='bbox 747 3887 865 3927; x_wconf 91' lang='lat' dir='ltr'>omnem</span> <span class='ocrx_word' id='word_1_315' title='bbox 877 3868 1111 3946; x_wconf 90' lang='lat' dir='ltr'>propinquorum</span> <span class='ocrx_word' id='word_1_316' title='bbox 1124 3864 1235 3925; x_wconf 77' lang='lat' dir='ltr'>caedem</span> 
     </span>
     <span class='ocr_line' id='line_1_35' title="bbox 103 3967 1234 4050; baseline -0.013 -10"><span class='ocrx_word' id='word_1_317' title='bbox 103 3978 273 4039; x_wconf 77' lang='lat' dir='ltr'>nmslatum</span> <span class='ocrx_word' id='word_1_318' title='bbox 287 3976 412 4046; x_wconf 89' lang='lat' dir='ltr'>videtur,</span> <span class='ocrx_word' id='word_1_319' title='bbox 427 3975 468 4034; x_wconf 86' lang='lat' dir='ltr'>ita</span> <span class='ocrx_word' id='word_1_320' title='bbox 477 3984 587 4042; x_wconf 78' lang='lat' dir='ltr'><em>temen,</em></span> <span class='ocrx_word' id='word_1_321' title='bbox 600 3982 635 4030; x_wconf 91' lang='lat' dir='ltr'>ut</span> <span class='ocrx_word' id='word_1_322' title='bbox 648 3970 700 4030; x_wconf 83' lang='lat' dir='ltr'>illa</span> <span class='ocrx_word' id='word_1_323' title='bbox 710 3989 799 4050; x_wconf 88' lang='lat' dir='ltr'>poena</span> <span class='ocrx_word' id='word_1_324' title='bbox 811 3989 870 4028; x_wconf 92' lang='lat' dir='ltr'>non</span> <span class='ocrx_word' id='word_1_325' title='bbox 883 3968 938 4027; x_wconf 91' lang='lat' dir='ltr'>nisi</span> <span class='ocrx_word' id='word_1_326' title='bbox 953 3967 1075 4027; x_wconf 84' lang='lat' dir='ltr'>confessi</span> <span class='ocrx_word' id='word_1_327' title='bbox 1088 3968 1234 4026; x_wconf 83' lang='lat' dir='ltr'><em>afficeren-</em></span> 
     </span>
    </p>
   </div>
   <div class='ocr_carea' id='block_1_4' title="bbox 103 4146 1234 4283">
    <p class='ocr_par' dir='ltr' id='par_1_5' title="bbox 103 4146 1234 4283">
     <span class='ocr_line' id='line_1_36' title="bbox 103 4146 1233 4222; baseline -0.007 -18"><span class='ocrx_word' id='word_1_328' title='bbox 103 4158 139 4205; x_wconf 76' lang='lat' dir='ltr'><em>vel</em></span> <span class='ocrx_word' id='word_1_329' title='bbox 155 4158 226 4207; x_wconf 82' lang='lat' dir='ltr'>silent</span> <span class='ocrx_word' id='word_1_330' title='bbox 241 4157 279 4205; x_wconf 82' lang='lat' dir='ltr'>rel</span> <span class='ocrx_word' id='word_1_331' title='bbox 295 4164 432 4222; x_wconf 76' lang='lat' dir='ltr'>nugantur3</span> <span class='ocrx_word' id='word_1_332' title='bbox 450 4154 557 4219; x_wconf 86' lang='lat' dir='ltr'><em>plerique</em></span> <span class='ocrx_word' id='word_1_333' title='bbox 571 4162 651 4203; x_wconf 86' lang='lat' dir='ltr'>tamen</span> <span class='ocrx_word' id='word_1_334' title='bbox 714 4152 733 4182; x_wconf 82' lang='lat'>⁸¹</span> <span class='ocrx_word' id='word_1_335' title='bbox 757 4150 830 4207; x_wconf 82' lang='lat' dir='ltr'>Quod</span> <span class='ocrx_word' id='word_1_336' title='bbox 853 4150 942 4198; x_wconf 80' lang='lat' dir='ltr'>{actum</span> <span class='ocrx_word' id='word_1_337' title='bbox 958 4149 1061 4201; x_wconf 67' lang='lat' dir='ltr'><em>formae,</em></span> <span class='ocrx_word' id='word_1_338' title='bbox 1086 4155 1115 4194; x_wconf 82' lang='lat' dir='ltr'>ut</span> <span class='ocrx_word' id='word_1_339' title='bbox 1136 4146 1161 4195; x_wconf 88' lang='lat' dir='ltr'>in</span> <span class='ocrx_word' id='word_1_340' title='bbox 1182 4146 1233 4197; x_wconf 84' lang='lat' dir='ltr'>rixa</span> 
     </span>
     <span class='ocr_line' id='line_1_37' title="bbox 103 4211 1234 4283; baseline -0.009 -12"><span class='ocrx_word' id='word_1_341' title='bbox 103 4226 172 4271; x_wconf 73' lang='lat' dir='ltr'><em>rahe</em></span> <span class='ocrx_word' id='word_1_342' title='bbox 188 4224 220 4270; x_wconf 85' lang='lat' dir='ltr'>sic</span> <span class='ocrx_word' id='word_1_343' title='bbox 237 4234 372 4283; x_wconf 78' lang='lat' dir='ltr'>exponunt:</span> <span class='ocrx_word' id='word_1_344' title='bbox 399 4220 538 4269; x_wconf 79' lang='lat' dir='ltr'>ambitiosus</span> <span class='ocrx_word' id='word_1_345' title='bbox 555 4220 652 4267; x_wconf 72' lang='lat' dir='ltr'>secutor</span> <span class='ocrx_word' id='word_1_346' title='bbox 683 4216 831 4263; x_wconf 76' lang='lat' dir='ltr'>infensorum</span> <span class='ocrx_word' id='word_1_347' title='bbox 867 4213 1014 4269; x_wconf 84' lang='lat' dir='ltr'>animalium,</span> <span class='ocrx_word' id='word_1_348' title='bbox 1049 4211 1112 4260; x_wconf 68' lang='lat' dir='ltr'><em>fode</em></span> <span class='ocrx_word' id='word_1_349' title='bbox 1147 4214 1234 4261; x_wconf 79' lang='lat' dir='ltr'><em>lacera-</em></span> 
     </span>
    </p>
   </div>
   <div class='ocr_carea' id='block_1_5' title="bbox 103 4277 1235 4531">
    <p class='ocr_par' dir='ltr' id='par_1_6' title="bbox 103 4277 1235 4531">
     <span class='ocr_line' id='line_1_38' title="bbox 103 4277 1235 4357; baseline -0.01 -22"><span class='ocrx_word' id='word_1_350' title='bbox 103 4288 185 4350; x_wconf 76' lang='lat' dir='ltr'>uejni</span> <span class='ocrx_word' id='word_1_351' title='bbox 195 4302 250 4335; x_wconf 85' lang='lat' dir='ltr'><em>eum</em></span> <span class='ocrx_word' id='word_1_352' title='bbox 262 4284 519 4347; x_wconf 74' lang='lat' dir='ltr'>doloreierebatquod</span> <span class='ocrx_word' id='word_1_353' title='bbox 530 4300 585 4333; x_wconf 86' lang='lat' dir='ltr'><em>eum</em></span> <span class='ocrx_word' id='word_1_354' title='bbox 593 4282 652 4331; x_wconf 86' lang='lat' dir='ltr'><em>adeo</em></span> <span class='ocrx_word' id='word_1_355' title='bbox 684 4281 749 4357; x_wconf 75' lang='lat' dir='ltr'>tione</span> <span class='ocrx_word' id='word_1_356' title='bbox 763 4279 875 4356; x_wconf 75' lang='lat' dir='ltr'>corporis,</span> <span class='ocrx_word' id='word_1_357' title='bbox 894 4294 937 4341; x_wconf 87' lang='lat' dir='ltr'>pro</span> <span class='ocrx_word' id='word_1_358' title='bbox 957 4277 1052 4355; x_wconf 56' lang='lat' dir='ltr'>inmisi</span> <span class='ocrx_word' id='word_1_359' title='bbox 1076 4277 1169 4352; x_wconf 75' lang='lat' dir='ltr'><em>sceleris</em></span> <span class='ocrx_word' id='word_1_360' title='bbox 1188 4279 1235 4325; x_wconf 72' lang='lat' dir='ltr'>im.</span> 
     </span>
     <span class='ocr_line' id='line_1_39' title="bbox 104 4344 1234 4425; baseline -0.007 -26"><span class='ocrx_word' id='word_1_361' title='bbox 104 4346 653 4425; x_wconf 56' lang='lat' dir='ltr'>robiiipugnmejuuusessenrelpotiuyquod</span> <span class='ocrx_word' id='word_1_362' title='bbox 685 4354 807 4406; x_wconf 83' lang='lat' dir='ltr'>mannate,</span> <span class='ocrx_word' id='word_1_363' title='bbox 829 4344 881 4395; x_wconf 78' lang='lat' dir='ltr'>dno</span> <span class='ocrx_word' id='word_1_364' title='bbox 902 4353 1007 4393; x_wconf 77' lang='lat' dir='ltr'>munatu</span> <span class='ocrx_word' id='word_1_365' title='bbox 1028 4352 1234 4402; x_wconf 78' lang='lat' dir='ltr'>esnnrmsrentur3</span> 
     </span>
     <span class='ocr_line' id='line_1_40' title="bbox 104 4411 750 4531; baseline -0.009 -67"><span class='ocrx_word' id='word_1_366' title='bbox 104 4418 239 4531; x_wconf 40' lang='grc' dir='ltr'>γὒκιίιυοιάιειςιίε</span> <span class='ocrx_word' id='word_1_367' title='bbox 239 4416 315 4531; x_wconf 51' lang='lat' dir='ltr'>:1211er</span> <span class='ocrx_word' id='word_1_368' title='bbox 313 4415 461 4530; x_wconf 48' lang='grc' dir='ltr'>ὧιέῗξῖῒς</span> <span class='ocrx_word' id='word_1_369' title='bbox 473 4430 545 4481; x_wconf 85' lang='lat' dir='ltr'>quam</span> <span class='ocrx_word' id='word_1_370' title='bbox 556 4430 576 4463; x_wconf 79' lang='grc' dir='ltr'>ιι</span> <span class='ocrx_word' id='word_1_371' title='bbox 584 4416 614 4463; x_wconf 89' lang='lat' dir='ltr'>ab</span> <span class='ocrx_word' id='word_1_372' title='bbox 625 4426 654 4461; x_wconf 87' lang='lat' dir='ltr'>eo</span> <span class='ocrx_word' id='word_1_373' title='bbox 688 4411 750 4459; x_wconf 81' lang='lat' dir='ltr'><em>Aen.</em></span> 
     </span>
    </p>
   </div>
   <div class='ocr_carea' id='block_1_6' title="bbox 0 0 1574 5250">
    <p class='ocr_par' dir='ltr' id='par_1_7' title="bbox 0 0 1574 5250">
     <span class='ocr_line' id='line_1_41' title="bbox 0 0 1574 5250; baseline 0 0"><span class='ocrx_word' id='word_1_374' title='bbox 0 0 1574 5250; x_wconf 95' lang='lat' dir='ltr'> </span> 
     </span>
    </p>
   </div>
  </div>
 </body>
</html>
