3100 5250
306 488 371 547 828
679 478 1068 548 COMMENTARIUS

308 657 437 717 Hennin.
452 657 645 737 suspicantur,
659 668 774 735 poetam
790 655 827 715 dc
840 657 942 726 Statio,
955 668 1076 733 propter
1089 654 1229 713 orationis
1249 649 1410 710 lenocisaia
1431 658 1464 706 et
1517 717 1519 728 Ι

308 760 493 829 calamistros,
509 774 542 819 ut
555 760 592 819 de
605 760 719 827 lenone,
733 758 823 836 loqui.
846 759 923 838 „vix
943 758 1136 828 crediderim
1158 768 1239 816 certe
1261 775 1328 813 non
1352 754 1413 810 nisi
1430 773 1462 807 v.
1517 733 1519 830 l

309 876 355 935 87.
370 878 400 925 et
413 868 487 925 forte
500 886 538 924 ne
551 866 591 924 ibi
606 864 734 943 quidem,
749 876 781 922 at
793 884 820 921 v.
838 870 966 922 82-85.
981 875 1014 949 ut
1027 864 1064 921 de
1085 862 1250 930 meretrice,
1270 859 1379 929 mica,
1404 878 1463 916 cu-
1517 833 1519 958 l

305 974 353 1049 jus
366 988 418 1025 oon
428 966 560 1044 jacienda
574 975 627 1035 est,
642 985 708 1042 qun
728 965 863 1043 proscidit
876 977 1001 1033 noctem,
1015 984 1083 1042 quse
1096 963 1243 1021 dulcedine
1254 981 1369 1039 magna
1382 980 1460 1036 cop-
1517 961 1519 1024 ξ

308 1064 349 1123 lca
361 1066 446 1143 afficit
460 1064 566 1123 animos
578 1083 743 1141 magnaque
755 1063 869 1122 libidine
887 1064 1009 1122 auditur.
1051 1064 1135 1122 Idem
1158 1059 1295 1119 Hennin.
1316 1060 1458 1137 potabat,
1517 1053 1519 1087 ³

310 1166 434 1225 Statium
449 1164 562 1223 satirica
575 1164 634 1222 bile
648 1164 677 1221 in
691 1166 814 1223 nansitu
829 1166 922 1224 notari
935 1166 975 1222 ob
998 1164 1154 1240 superbam
1168 1161 1348 1220 Thebaidos
1368 1178 1458 1237 pero·

308 1262 449 1322 rationem
463 1262 669 1341 occultumque
689 1262 791 1321 odium
812 1264 842 1320 in
868 1262 1042 1329 Martialem,
1066 1259 1206 1320 Juvenali
1228 1258 1458 1316 amicissimum.

310 1360 367 1419 Sed
382 1360 431 1418 bic
444 1372 537 1438 poetae
551 1362 641 1419 nostri
655 1362 736 1419 locus
748 1361 866 1419 laudem
886 1360 984 1437 potius
1006 1356 1284 1434 miserationemque
1308 1356 1411 1432 spirat
1428 1366 1459 1411 et

310 1482 384 1521 vana
399 1475 476 1532 sunt,
491 1462 591 1521 saltem
605 1464 704 1533 dubia,
720 1484 787 1542 quae
807 1464 846 1521 de
864 1463 933 1521 odio
952 1462 1003 1520 illo
1025 1460 1188 1539 disputavit
1207 1470 1241 1519 et
1264 1458 1407 1517 Heasnin.
1427 1469 1458 1515 et

311 1562 430 1623 Gevart.
446 1566 526 1625 leet.
542 1566 642 1644 Papin.
656 1586 680 1625 c.
696 1574 743 1625 35.
787 1566 924 1630 Cur-citur
940 1564 1071 1625 certatim
1091 1564 1323 1641 catervatimque
1347 1562 1393 1619 od
1401 1562 1457 1637 js·

311 1663 429 1721 wedam
442 1684 529 1723 coena
543 1666 690 1723 recitantis
706 1666 799 1732 Statii,
815 1686 906 1744 quum
921 1667 946 1723 is
966 1664 1102 1743 promisit,
1120 1664 1219 1734 edixit,
1243 1666 1326 1741 (nam
1350 1661 1457 1720 edicto

311 1782 334 1821 s.
348 1776 562 1841 programmate
575 1764 766 1836 recitationes,
780 1766 844 1825 ludi
857 1776 911 1825 cet
925 1764 1143 1840 indicebantur)
1162 1762 1236 1833 dien,
1256 1782 1316 1839 qno
1336 1762 1454 1818 recita·

312 1874 358 1923 ret
374 1864 550 1935 Thebaidem,
563 1884 679 1925 mrmen
693 1886 780 1925 nrum
793 1866 922 1924 debello
934 1865 1076 1924 Thebano
1094 1863 1211 1932 ornan,
1233 1874 1352 1939 gratum
1374 1880 1451 1919 om-

312 1966 400 2025 nibus
413 1976 443 2023 et
454 1976 617 2041 acceptum,
640 1964 685 2023 vel
706 1964 801 2023 dulce.
814 2000 856 2011 —
876 1972 925 2025 85.
945 1964 1066 2035 libidine,
1091 1984 1200 2023 summa
1221 1962 1385 2040 cupiditate
1408 1978 1451 2017 ae

313 2067 472 2145 voluptate.
514 2066 562 2125 86.
584 2068 693 2127 Statius
706 2068 875 2128 Domitiano
892 2080 1013 2147 propter
1032 2066 1258 2147 extemporalem
1277 2064 1447 2123 carminum

313 2166 579 2245 componendorum
593 2168 759 2227 facilitatem
774 2170 956 2245 gratissimus
969 2170 1026 2227 fuit
1039 2180 1069 2227 et
1082 2171 1118 2228 ab
1139 2190 1175 2228 eo
1196 2180 1258 2227 tam
1281 2165 1399 2225 aaronis
1418 2176 1451 2220 et

313 2290 395 2341 auro,
420 2290 508 2349 quam
529 2290 601 2347 agro
626 2270 741 2329 Albano
762 2271 907 2339 donatus3
928 2270 1065 2347 idemque
1087 2281 1133 2328 ter
1157 2270 1190 2326 in
1212 2266 1452 2344 Quinquatribus

314 2372 457 2429 Minerva
470 2392 492 2429 s.
507 2370 624 2429 Albano
637 2390 730 2449 agone
743 2365 836 2429 uictor
848 2372 906 2429 fuit
918 2382 949 2429 et
961 2380 1123 2440 coronatus,
1145 2389 1240 2448 quum
1263 2368 1396 2426 carmina
1414 2366 1453 2423 de

313 2472 401 2528 rebus
414 2491 432 2527 a
447 2468 614 2529 Domitiano
624 2470 654 2527 in
668 2470 755 2529 bello'
760 2470 935 2529 Germanico
947 2481 977 2529 et
990 2470 1099 2529 Dacico
1112 2471 1204 2547 gestis
1217 2468 1378 2536 recitasset,
1401 2466 1453 2525 sed

315 2567 403 2628 semel
418 2568 512 2626 victus
525 2567 557 2626 in
570 2570 844 2650 Quinquennalibus
857 2570 1037 2650 Capitolinis.
1047 2570 1073 2607 ³³
1114 2569 1150 2627 ln
1169 2569 1229 2630 boc
1241 2581 1346 2629 tamen
1357 2587 1455 2647 εὲοῐιο

315 2670 488 2748 Capitolino,
503 2673 531 2731 in
547 2693 606 2752 quo
616 2695 673 2734 non
688 2677 743 2734 nisi
757 2676 858 2734 laudes
871 2675 1028 2752 Capitolini
1041 2676 1124 2734 Jovis
1137 2675 1203 2734 cani
1225 2675 1373 2741 solebant,
1394 2692 1452 2730 non

314 2770 448 2829 recitavit
460 2771 640 2831 Thebaidem
655 2795 735 2832 sitnm
745 2799 754 2846 ;
776 2795 871 2852 ncque
880 2773 976 2853 fregit
988 2773 1116 2832 subsellia
1136 2793 1218 2832 nerea
1242 2773 1274 2832 h.
1297 2773 1317 2829 l.
1339 2771 1453 2830 didam

314 2888 378 2948 pro,
393 2889 451 2928 non
466 2871 553 2942 stetit,
568 2871 685 2942 excidit,
701 2873 729 2930 h.
744 2894 769 2931 e.
779 2894 840 2930 non
862 2873 990 2950 placuit3
1009 2872 1090 2950 quod
1110 2871 1329 2930 contendebant
1349 2869 1455 2927 Plstb·

315 2987 403 3027 nerua
418 2969 484 3046 (qui
503 2971 634 3047 putabat,
655 2969 728 3028 salse
750 2969 808 3028 dici
831 2969 960 3028 misellis
969 2969 1075 3048 fractu
1097 2987 1158 3039 non
1181 2967 1372 3035 auditoribus,
1395 2966 1453 3022 sed

314 3085 405 3139 ensa,
429 3065 459 3124 h.
480 3085 505 3124 e.
528 3066 683 3144 Pupiniam
705 3066 861 3145 excidisse)
884 3077 915 3126 et
937 3065 1067 3144 Scaliger
1088 3065 1185 3124 Lectt
1211 3067 1319 3124 Aaou.
1345 3065 1373 3132 1,
1402 3070 1455 3120 10.

316 3189 404 3247 quem
415 3169 478 3247 jam
492 3169 629 3227 refutavit
642 3169 765 3228 Casaub.
779 3170 818 3227 ad
833 3173 912 3230 Suet
933 3169 1021 3228 Dom.
1043 3178 1071 3228 4.
1092 3171 1142 3228 ubi
1165 3171 1256 3238 docet,
1275 3187 1398 3227 sensum
1421 3167 1454 3222 h·

315 3265 335 3324 l.
351 3285 423 3334 esse,
440 3265 564 3326 Statium
585 3265 836 3325 vehementissime
855 3267 1007 3344 placuisse,
1027 3268 1070 3327 sic
1089 3279 1124 3327 ut
1143 3267 1295 3346 applausu,
1318 3271 1401 3346 κρίνῳ
1420 3275 1455 3321 et

317 3355 573 3429 acclamationibus
593 3369 759 3428 auditorum
780 3370 846 3447 (sed
865 3372 941 3429 forte
960 3371 1037 3449 uulgi
1059 3382 1185 3442 tantum,
1211 3371 1321 3430 infimae
1343 3367 1457 3446 plebis)

316 3467 445 3526 subsellia
460 3469 542 3545 quasi
552 3469 656 3546 fracta
671 3471 737 3529 sint.
753 3490 780 3527 v.
794 3472 833 3529 ad
847 3472 872 3540 I,
889 3479 935 3530 18.
977 3471 1074 3532 Verba
1094 3483 1193 3531 nmen
1207 3471 1274 3530 baee
1287 3482 1319 3530 et
1334 3455 1458 3538 Sidonii,

317 3564 356 3622 ad
372 3564 398 3633 l,
415 3571 460 3623 13.
474 3563 592 3624 laudata
605 3579 694 3644 atque
707 3588 743 3628 ex
757 3567 787 3626 b.
800 3568 821 3625 l.
834 3588 979 3647 expressa,
992 3570 1033 3628 ita
1051 3569 1150 3648 potius
1162 3569 1346 3648 explicanda
1358 3568 1460 3626 viden-

318 3679 384 3726 tur:
416 3685 507 3734 vasu,
531 3668 699 3728 recitatione
722 3670 857 3730 carminis
879 3672 1033 3731 scitalem
1056 3673 1210 3732 bominum
1232 3673 1460 3732 multitudinem

319 3769 455 3840 concivit,
468 3781 501 3828 ut
515 3769 644 3828 subsellio
658 3783 771 3831 tantum
786 3775 881 3831 oneris
900 3774 1044 3834 susdnere
1060 3795 1120 3834 non
1139 3776 1295 3854 potuerint
1315 3788 1352 3836 et
1360 3777 1464 3854 sraela

316 3873 395 3942 sint;
417 3881 451 3928 ut
462 3891 510 3947 ap.
524 3869 603 3928 Suet.
619 3871 723 3932 Claud.
744 3880 792 3930 41.
806 3907 848 3920 -·
868 3878 917 3940 87.
937 3874 1047 3943 Esurit,
1061 3874 1238 3943 muriciam,
1252 3887 1325 3953 post
1347 3886 1463 3934 tantun

319 3969 450 4028 savorem
464 3981 494 4028 et
507 3967 689 4046 applausum,
705 3969 760 4028 nisi
774 3970 877 4028 Paridi
890 3972 1071 4048 pantomimo
1081 3973 1133 4050 (de
1146 3993 1208 4051 quo
1220 3993 1250 4030 v.
1264 3973 1308 4032 ad
1320 3974 1383 4044 vl,
1404 3975 1464 4048 87.)

320 4071 429 4140 vendut,
444 4069 631 4140 vendidisset,
647 4071 770 4148 Agaven,
786 4071 916 4130 fabulam
936 4093 959 4130 a.
980 4073 1154 4150 tragoediam
1176 4094 1261 4132 mam
1283 4075 1325 4133 de
1348 4075 1465 4153 Agave,

349 4313 367 4341 ⁸
383 4327 404 4358 v.
427 4315 507 4362 amn
529 4315 560 4362 aa
581 4317 638 4364 soi
654 4315 711 4362 snv.
730 4315 785 4363 111.
806 4321 864 4372 tsi
902 4299 1120 4381 sicaqsscynn.
1139 4318 1193 4366 aaa
1212 4327 1274 4378 poa
1296 4335 1321 4380 ρ.
1348 4327 1405 4371 ssa
1421 4337 1466 4386 aa,

317 4379 800 4442 oq.s,ae·cq.1v,u‚casa1.5,1
831 4398 867 4444 rq-
903 4385 1049 4432 Casaubad
1096 4395 1128 4432 et.
1211 4384 1218 4395 '
1250 4399 1272 4431 e.
1288 4391 1313 4431 4.

318 4439 504 4506 v,3,215seq.
520 4449 568 4492 299
589 4460 635 4508 seq.
658 4454 681 4491 ct
702 4445 777 4492 'ineu
803 4443 859 4493 llll
984 4517 1000 4563 2
