3100 5250
266 386 331 447 454
640 377 1044 451 COMMENTARIUS·

269 572 314 621 est
333 568 363 619 et
384 558 549 636 symbolum
569 558 674 617 umoris
693 579 728 619 so
749 554 918 617 venustatis.
960 549 1115 611 Colebstur
1127 549 1225 607 etism
1236 546 1400 627 olimsltpgs,

270 666 325 731 δίη
345 661 455 743 »lsi-logos
474 661 506 721 in
524 661 646 740 templo,
666 660 698 719 in
717 680 778 738 quo
797 658 935 717 mulieres
954 673 1055 733 preces
1068 673 1101 711 sc
1116 662 1187 709 vots
1205 649 1339 709 huicdese
1351 649 1397 707 io-

271 765 466 827 suunsbant
489 783 515 822 r.
537 764 603 823 Seu.
626 763 684 840 Ep.
706 769 752 821 10.
773 773 804 820 ct
825 758 958 819 Euststlr.
973 756 1012 815 ud
1033 754 1156 813 Homer.
1172 752 1281 830 Odysu
1293 754 1351 810 XX.
1364 772 1392 829 p

273 869 359 923 1881.
372 862 410 921 Α.
492 869 580 918 muter
599 858 696 929 ousia,
717 856 841 917 sollicite
854 856 891 915 de
906 856 999 914 forms
1018 852 1182 911 liberorum
1196 860 1231 907 et
1243 849 1316 906 susle
1332 868 1394 927 pre·

260 983 346 1025 ‘cens
387 971 457 1033 291.
474 962 568 1043 Usque
579 964 619 1021 ud
629 960 745 1021 delicias
756 968 887 1032 votorum,
901 959 941 1019 ita
956 968 989 1017 ut
1002 976 1057 1035 pro
1072 954 1143 1034 ipsis
1158 964 1233 1012 vots
1246 951 1394 1011 deliciuum

272 1062 492 1141 dulcedinisque
514 1062 601 1141 plens
620 1060 717 1131 facist,
738 1060 846 1140 quibus
866 1059 995 1117 favorem
1009 1054 1203 1133 animumque
1219 1052 1303 1121 Deae,
1318 1048 1400 1128 qualis

272 1162 373 1223 Venus
392 1174 447 1232 cst,
468 1161 614 1228 concilieri
626 1180 711 1241 posse
724 1170 830 1239 sperat
873 1158 919 1217 Its
931 1166 1060 1216 mentem
1072 1164 1168 1233 poetse
1186 1161 1271 1211 recte
1284 1150 1351 1209 mihi
1364 1170 1404 1209 co·

274 1262 352 1341 pisse
365 1260 513 1323 νίἀοοῐ.ω

300 1372 381 1453 ⁸291.
405 1364 574 1423 Certamen
594 1364 741 1443 corripias,
761 1360 960 1441 reprehendas
979 1359 1043 1419 haec
1062 1368 1140 1427 rou,
1163 1366 1318 1435 tamquam
1332 1356 1407 1415 inho·

274 1478 366 1538 nesu,
381 1467 619 1547 quandoquidem
629 1480 660 1526 et
673 1470 786 1527 Latona
801 1464 917 1535 Dione,
938 1464 1006 1523 filie
1020 1482 1088 1533 suae,
1103 1461 1307 1540 pulcritudine
1320 1460 1407 1520 delec-

273 1568 377 1627 tstur?
413 1566 496 1627 conf.
509 1564 666 1645 praeclsrus
678 1564 760 1624 locus
770 1562 855 1641 Virg.
868 1562 937 1621 AEu.
952 1562 978 1632 I,
993 1568 1051 1630 498
1067 1580 1127 1639 seq.
1141 1559 1194 1639 qui
1207 1560 1305 1617 snimo
1317 1572 1407 1637 poete

273 1658 490 1730 obverisbstur.
572 1668 661 1747 iuquit
675 1667 737 1728 scil.
751 1666 802 1726 ills
820 1676 922 1736 mater,
943 1665 998 1731 vel,
1010 1664 1108 1743 potius
1126 1684 1179 1741 pro
1198 1662 1289 1742 inquis
1301 1663 1409 1721 autis-

274 1769 382 1850 quirin
403 1789 472 1829 nem
485 1770 584 1849 iuquit,
596 1780 632 1829 ut
645 1766 759 1847 Grion
780 1778 810 1827 et
831 1772 899 1845 pust,
922 1767 1081 1845 saepissime
1102 1766 1201 1825 dicitur
1224 1784 1278 1843 pro
1298 1765 1400 1843 sisquri,

273 1868 388 1950 inquitis
400 1883 431 1931 et
453 1870 590 1951 inquiunt,
611 1870 663 1930 ubi
683 1868 797 1948 aliquid
816 1870 901 1929 nobis
920 1871 959 1929 ab
980 1890 1039 1929 uno
1061 1889 1111 1927 seu
1130 1868 1265 1947 plunlrus,
1285 1889 1303 1925 s
1321 1887 1397 1947 prse-

275 1984 356 2033 sente
384 1993 436 2033 seu
462 1974 592 2043 absente,
628 1971 716 2051 objici
746 1972 886 2051 fingimus
920 1970 1137 2051 innuimusque,
1166 1968 1286 2047 aliquem
1316 1966 1399 2027 nobis

275 2076 525 2139 oonusdismrum
553 2096 635 2145 essc3
666 2074 746 2155 quod
768 2074 832 2153 jum
858 2083 1057 2135 notatum·est
1083 2072 1242 2150 multisque
1267 2070 1400 2149 exemplis

275 2180 497 2257 comprobatum
516 2198 535 2236 s
553 2176 651 2237 Bentl.
671 2176 710 2234 sd
731 2174 836 2245 Horat.
859 2176 917 2235 Sat.
933 2174 958 2245 1,
980 2182 1008 2245 4,
1031 2182 1078 2240 78.
1100 2174 1195 2233 Gron.
1215 2184 1246 2234 et
1264 2173 1355 2233 Drsls.
1373 2170 1408 2229 sd

275 2278 343 2339 Lis.
367 2279 514 2349 XXXIV,
540 2286 568 2337 8.
590 2288 620 2338 et
641 2286 670 2337 5.
690 2277 839 2339 Schellero
865 2277 898 2337 iu
924 2278 997 2337 Lex.
1021 2288 1092 2337 ets
1112 2298 1162 2337 me
1192 2278 1258 2356 ipso
1282 2276 1318 2335 sd
1346 2276 1406 2333 Lis.

278 2381 334 2457 VI,
347 2391 396 2453 40,
408 2392 437 2443 3.
478 2432 482 2438 .

316 2484 376 2546 293
392 2497 452 2555 seq·
481 2476 650 2555 Respondet
674 2489 770 2556 poeto,
795 2477 980 2556 ostenditque
1004 2477 1146 2557 exemplis
1172 2476 1321 2545 Lumine,
1345 2474 1408 2531 Vir-

275 2576 364 2657 ginis
377 2574 559 2656 aliorumque
572 2577 730 2639 mulierum
744 2578 997 2657 pulcerrimum,
1018 2580 1049 2639 iu
1072 2579 1191 2659 quentis
1210 2579 1268 2640 ille
1280 2574 1408 2658 periculis

277 2691 438 2738 versentur.
509 2678 620 2756 faciem
640 2681 784 2758 pulcrum.
867 2681 1010 2753 Lucretia,
1036 2703 1103 2761 quse
1123 2695 1247 2762 propter
1265 2683 1411 2740 sormsms

278 2777 344 2838 Sex.
359 2778 521 2856 Tsrquinio
534 2799 587 2857 per
598 2778 657 2837 rim
668 2791 799 2858 stuprate
813 2799 916 2840 neoem
929 2780 984 2838 sibi
998 2781 1150 2840 conscivit.
1193 2789 1260 2850 29s
1277 2779 1411 2859 Virginis,

277 2888 399 2955 epatre,
421 2876 457 2934 L.
471 2875 615 2954 virginio,
639 2878 743 2945 occiso,
768 2887 803 2936 ut
822 2877 965 2956 pudicitie
985 2879 1049 2957 ejus
1069 2881 1107 2938 ab
1122 2879 1234 2938 insidiis
1248 2879 1337 2956 Appii
1348 2879 1409 2936 De-

278 2978 397 3039 cemviri
421 2977 570 3040 libidinosi
593 2977 800 3038 vindicaretur.
892 2979 994 3040 Rutilo
1019 2979 1128 3039 mulier
1147 2981 1277 3040 deformis
1295 2991 1325 3040 et
1342 2981 1410 3058 gib·

276 3083 357 3150 bose,
385 3101 452 3160 quae
474 3079 533 3138 illis
556 3080 736 3157 temporibus
765 3078 872 3138 vixisse
901 3081 1025 3142 videtur.
1067 3081 1166 3160 Vulgo
1188 3083 1326 3160 designsri
1349 3101 1408 3161 pu-

278 3195 343 3244 tent
362 3183 487 3252 Liviam,
509 3178 614 3243 Rutilii
634 3201 765 3250 uxorem,
794 3201 883 3260 quem
907 3183 1061 3243 excessisse
1086 3185 1200 3263 quidem
1220 3183 1334 3243 XCVII
1353 3203 1407 3242 un-

278 3306 343 3357 nos,
362 3305 418 3348 nec
430 3297 529 3346 tumen
541 3285 694 3362 gibbosam
707 3281 807 3354 fuisse,
829 3283 942 3344 Plinius
956 3285 1027 3356 Vll,
1049 3292 1098 3345 48.
1114 3299 1260 3348 memoret.
1297 3285 1410 3365 lepide

278 3397 378 3446 sutem
403 3387 435 3447 h.
454 3388 473 3445 l.
494 3387 656 3466 ⁴utriusque
678 3385 796 3445 femiuae
815 3387 910 3446 forms
934 3401 1128 3468 comparetur.
1184 3397 1252 3459 29⁵.
1275 3411 1356 3448 must
1379 3409 1417 3450 sc.

278 3489 384 3548 fecism
397 3488 572 3548 etl'ormsm.
622 3488 692 3558 296.
706 3488 838 3569 trepidet,
857 3489 994 3550 sollicitos
1010 3491 1048 3551 dc
1061 3493 1195 3553 emtitste
1215 3492 1291 3562 lilii,
1320 3481 1417 3552 veren-

279 3600 332 3660 tes,
345 3607 384 3650 ne
397 3599 609 3666 corrumpatur.
837 3599 839 3604 ’

320 3701 389 3763 297.
410 3690 489 3751 Vers
501 3692 653 3762 sententis,
674 3715 764 3772 qusm
777 3697 865 3754 edem
886 3715 1053 3774 expressere
1075 3697 1193 3757 Peteon.
1219 3707 1273 3767 94.
1298 3696 1420 3758 Martini

279 3791 371 3862 VIII,
393 3799 441 3852 58.
461 3791 550 3850 Ovid.
572 3789 646 3850 Her.
668 3792 753 3861 XVI,
774 3801 843 3853 282.
867 3805 898 3854 ct
911 3797 979 3854 Am.
994 3795 1055 3870 111,
1070 3807 1100 3868 4,
1115 3804 1150 3854 41
1170 3817 1229 3878 seq.
1245 3798 1286 3857 sl.
1300 3805 1420 3868 -298
1498 3807 1499 3893 l

279 3889 396 3950 horrido
408 3891 512 3960 domus,
532 3889 687 3968 discipline
705 3903 737 3950 et
755 3892 900 3952 institutio
920 3913 1028 3963 severs,
1051 3894 1154 3956 tetrice
1174 3915 1214 3956 ec
1233 3897 1341 3970 tristis,
1364 3896 1421 3956 siue

310 4055 330 4085 ι
342 4057 496 4167 Minpsrspte
511 4057 559 4115 ulii,
578 4073 635 4133 nte.
652 4073 681 4104 ex
699 4058 759 4105 votis
773 4058 830 4118 ipsis
862 4059 986 4120 amplexus
1013 4063 1044 4109 ob
1071 4061 1263 4144 pulcritudinem
1295 4065 1418 4142 rspimtm,

278 4129 527 4243 :lpididsforlriddl'slt
537 4121 829 4248 fflssttiulv'gltltstilgfflg
860 4125 977 4246 18ξέἰῖῗέ
995 4127 1422 4257 :lqllltl'eiillideiriieliimtffltdlia

278 4245 402 4322 emplesus
411 4261 500 4308 optent,
518 4267 594 4316 usque
605 4250 635 4299 sd
647 4250 746 4299 dclicsts
757 4253 829 4329 nimis
861 4255 916 4310 suis,
935 4255 1014 4304 schot.
1027 4255 1151 4322 languenti
1167 4257 1316 4328 ardentique
1333 4259 1423 4310 deside·

278 4319 340 4381 voss,
355 4311 414 4358 Bnt.
428 4329 504 4376 usque
513 4315 574 4364 sdeo
589 4315 694 4373 demens,
712 4327 740 4362 ut
756 4329 828 4365 etism
861 4319 905 4378 rio,
918 4320 1018 4370 lerrdt.

276 4373 372 4422 delicies
387 4375 413 4422 in
427 4379 486 4426 νοῶ
505 4391 587 4429 rorent
604 4379 698 4429 lilisbus
716 4391 742 4429 et
756 4391 785 4436 ut
802 4383 828 4429 iu
