3100 5250
273 436 293 491 o
646 394 1041 497 continuerimus
1072 450 1080 465 ·

272 582 398 684 negotiis
412 605 613 678 traducebant,
635 618 700 667 tum
713 606 857 685 exemplis
870 606 997 665 Neronis
1011 615 1042 662 et
1056 600 1228 671 Domitiani,
1244 601 1297 679 qui
1310 600 1425 661 samem

271 718 425 787 poetarum
448 708 504 789 ipsi
529 709 710 771 affectabant.
731 712 773 789 (v.
788 709 863 781 VII,
876 708 1006 769 att-52.
1028 717 1059 765 et
1080 706 1185 765 Horat.
1206 704 1303 783 Epist.
1324 706 1368 776 11,
1392 714 1422 774 l,

275 804 459 887 108-118.)
503 805 709 886 Sapientiores,
724 808 776 887 qui
790 807 921 877 ederant,
943 817 974 865 et
994 804 1138 863 doctiores
1155 823 1194 861 ne
1207 804 1339 862 aruinum
1352 805 1423 883 qni-

272 908 341 968 dem
354 922 385 969 et
397 930 481 971 aures
494 911 533 970 ed
547 912 692 991 ejusmodi
707 910 891 970 recitationes
904 907 952 969 vel
965 907 1167 986 praelectiones
1179 919 1209 966 et
1224 908 1352 985 ἐιιδειξεις
1364 908 1420 968 ad-

272 1014 436 1085 vertebant,
457 1014 504 1073 vel
518 1014 658 1073 audiendi
672 1014 790 1075 fastidio
804 1012 1054 1082 conficiebantur;
1075 1009 1155 1069 unde
1169 1009 1200 1067 h.
1214 1009 1234 1067 l.
1249 1020 1364 1070 veretur
1376 1021 1420 1071 to-

271 1115 330 1173 tier.
341 1116 350 1153 ¹
392 1120 494 1185 Quum
509 1116 609 1195 itaque
622 1117 680 1177 illis
693 1118 876 1195 temporibus
889 1135 950 1173 nou
963 1115 1061 1184 modo,
1076 1125 1111 1174 ut
1123 1113 1239 1183 nostris,
1260 1125 1306 1174 tot
1320 1116 1419 1194 jejuni

271 1212 364 1274 libelli
379 1214 511 1293 quotidie
526 1214 739 1274 lumbricorutn
759 1213 1025 1273 vermiculorumve
1045 1213 1135 1271 instar
1155 1210 1344 1290 pullularent,
1364 1214 1419 1273 sed

271 1318 369 1377 omnia
383 1338 502 1398 quoque
522 1319 594 1389 fora,
615 1317 784 1380 ambulacra
797 1330 828 1379 et
840 1317 986 1379 auditoria
999 1336 1101 1375 eorum
1115 1316 1335 1375 recitationibus
1348 1338 1419 1395 per-

271 1432 426 1482 sonarent:
446 1431 541 1499 poetre
565 1422 697 1481 animum
720 1421 809 1481 tacita
828 1433 861 1481 et
883 1419 1047 1498 indignatio
1066 1418 1147 1478 subit
1169 1430 1199 1477 et
1217 1418 1342 1490 miratio,
1363 1441 1419 1479 cur

270 1528 332 1577 tam
345 1518 398 1577 diu
411 1520 557 1597 patienter
576 1538 633 1579 nec
653 1519 716 1578 sine
736 1538 851 1577 summa
863 1517 997 1577 molestia
1009 1516 1135 1575 aliorum
1149 1517 1258 1594 scripta
1270 1515 1376 1595 legerit
1386 1529 1419 1576 et

269 1620 424 1693 audiverit,
445 1642 500 1681 nec
517 1623 580 1701 jam
592 1621 656 1701 ipse
669 1620 785 1700 aliquid
804 1631 835 1679 et
853 1618 1011 1697 scripserit,
1035 1630 1066 1677 et
1085 1618 1260 1687 recitaverit,
1284 1629 1320 1677 ut
1338 1631 1419 1678 certe

270 1727 421 1797 reponeret,
437 1717 467 1775 h.
483 1739 509 1779 e.
522 1718 587 1781 aliis
601 1718 680 1777 idem
693 1718 813 1796 legendi
826 1716 1027 1796 audiendique
1036 1716 1187 1776 fastidium
1201 1728 1321 1786 crearet,
1335 1718 1419 1795 quod

270 1815 334 1893 ipse
346 1835 383 1874 ex
397 1815 514 1876 illorum
528 1814 612 1875 libris
626 1827 656 1875 et
668 1815 889 1876 recitationibus
902 1815 1076 1894 perceperit,
1098 1835 1135 1873 ne
1149 1814 1319 1893 patientiam
1334 1835 1417 1874 suem

270 1916 302 2001 hi
317 1918 427 1996 impune
439 1918 593 1979 insultasse
607 1918 700 1979 videri
714 1931 835 1998 possent
843 1943 854 1991 3
873 1939 944 1978 nam
959 1938 1091 1997 reponere
1110 1931 1155 1978 est
1174 1920 1343 1997 rependere,
1363 1940 1418 1998 par

269 2022 334 2101 pari
355 2022 473 2089 referre,
497 2021 621 2081 reddere
641 2022 818 2083 beneficium
837 2022 885 2082 vel
903 2022 1067 2082 debitum.²
1108 2020 1216 2081 Primis
1230 2023 1327 2081 verbis
1340 2034 1370 2082 et
1385 2023 1417 2081 in

269 2120 316 2181 his
329 2121 456 2181 maxime
470 2121 521 2181 illo
535 2142 666 2201 reponere
679 2142 739 2184 non
752 2122 860 2200 lepidre
874 2132 999 2195 tentum,
1013 2143 1086 2201 quas
1099 2132 1187 2200 poeta
1199 2122 1329 2201 arripuit,
1344 2124 1415 2181 scri-

269 2218 360 2278 bendi
374 2238 476 2291 cause,
498 2238 613 2279 summa
628 2218 738 2279 scilicet
751 2218 925 2299 indignatio,
947 2240 985 2277 ex
997 2219 1136 2278 audiendi
1157 2218 1245 2277 taedio
1264 2231 1412 2297 concepta,

270 2330 300 2379 et
314 2320 452 2380 vindictae
466 2320 584 2398 cupido,
606 2320 658 2380 sed
671 2320 838 2380 modestum
852 2341 971 2401 quoque
984 2323 1049 2401 ejus
1063 2321 1101 2380 de
1121 2322 1235 2401 scriptia
1255 2321 1314 2382 auis
1331 2322 1414 2400 judi-

270 2420 349 2481 cium
373 2420 568 2481 eontinentur.
610 2420 749 2499 Abrupta
771 2432 872 2481 autem
898 2422 991 2481 oratio
1017 2423 1157 2483 convenit
1179 2421 1305 2493 affectui,
1326 2443 1415 2501 quem

270 2532 365 2600 poete
379 2520 487 2581 satirici
501 2522 532 2579 in
546 2520 617 2600 ipsis
631 2522 795 2581 carminum
808 2521 961 2601 principiis
975 2524 1058 2602 sequi
1079 2537 1109 2583 et
1129 2525 1293 2602 exprimere
1312 2524 1416 2584 solent.

271 2620 316 2679 ef.
331 2618 391 2678 Sat.
407 2618 461 2690 IV,
481 2627 506 2678 1.
517 2629 586 2678 -2
603 2641 662 2698 seq.
684 2621 846 2682 Annotatio
860 2620 965 2682 Heinr.
979 2635 1024 2682 est
1036 2621 1116 2683 hec:
1153 2634 1174 2660 “
1189 2625 1312 2702 Triplex
1326 2625 1357 2683 in
1370 2625 1416 2684 his

270 2729 514 2783 commemoratur
537 2722 741 2782 recitationum
763 2744 874 2802 genus:
900 2725 992 2804 epice,
1014 2734 1079 2784 tum
1100 2725 1254 2802 tragoediae
1277 2739 1308 2785 et
1329 2728 1416 2807 elegi.

271 2820 444 2900 Tragoediaa
468 2819 645 2900 omninoque
668 2820 784 2882 fabulas
806 2823 845 2883 ad
863 2823 1013 2902 agendum
1032 2823 1206 2902 compositas
1225 2823 1342 2884 recitari
1363 2847 1417 2885 seu

271 2919 402 2997 praelegi,
415 2917 541 2978 Athenis
555 2918 662 2980 Atticis
676 2918 798 2980 florente
811 2940 844 2978 re
857 2921 971 2980 scenica
983 2919 1150 2978 inauditum
1161 2919 1229 2990 suit,
1250 2920 1307 2979 nisi
1321 2941 1416 2999 quum

270 3029 357 3096 poeta
385 3019 540 3084 διδάσκαλος
568 3018 698 3096 singulas
726 3020 865 3080 dramatis
892 3031 991 3099 partes
1018 3019 1198 3080 discentibus
1224 3019 1416 3082 histrionibus

271 3122 357 3182 docta
370 3121 451 3180 vocis
464 3118 663 3180 modulatione
682 3121 817 3200 praeibat,
840 3121 890 3182 vel
911 3121 1097 3202 Antiphanes
1116 3123 1223 3202 aliquis
1241 3125 1415 3184 comoediam

270 3223 309 3282 ed
323 3241 408 3282 aures
427 3221 591 3282 Alexandri
610 3223 689 3302 regis
710 3223 787 3284 intra
807 3225 981 3285 domesticos
1001 3226 1127 3304 parietes
1144 3228 1285 3288 recitabat
1294 3252 1305 3300 ς
1327 3249 1416 3306 quam

270 3344 332 3382 rem
348 3323 437 3385 tradit
451 3325 559 3384 Athen.
573 3326 624 3386 lib.
641 3325 733 3386 XIII.
745 3347 791 3405 pr.
814 3329 925 3390 Contra
941 3328 1042 3389 Rome
1062 3341 1216 3408 poetarum
1235 3331 1414 3409 tragicorum

272 3425 370 3486 studia
383 3425 414 3484 in
428 3425 554 3505 ἐπιδείξεσι
567 3429 792 3490 continebantur
804 3428 990 3508 plerumque,
1014 3430 1148 3509 inprimis
1162 3434 1217 3493 sub
1231 3434 1415 3504 Caesaribus;

308 3591 314 3619 ¹
329 3591 359 3638 V.
374 3590 403 3638 ed
417 3591 481 3650 VII,
493 3595 526 3640 40
536 3607 584 3656 seq.
610 3593 651 3642 ubi
661 3595 782 3662 insignem
792 3595 827 3644 lo·
860 3596 960 3657 phorum
978 3593 1114 3645 (iuuentem
1134 3599 1233 3658 putabet
1253 3611 1268 3644 a
1288 3596 1412 3651 conviviis,

274 3669 331 3702 cum
341 3657 503 3705 Tendeoret.
515 3664 568 3707 c.9.
646 3659 827 3722 ‘psi)etXIIl,
860 3675 910 3709 non
927 3677 943 3707 a
957 3660 1119 3708 creditoribus.
1139 3661 1253 3710 Barthiue
1271 3661 1415 3726 (Adverssr.

273 3725 314 3768 32.
328 3726 368 3769 ³3.
382 3721 488 3769 Martini.
503 3722 592 3780 11,a'r.
607 3723 694 3772 Horat.
710 3725 789 3787 Epist.
804 3727 828 3783 1,
861 3726 884 3784 1,
896 3724 951 3787 21.)
964 3735 1038 3784 notat,
1054 3728 1154 3774 verbum
1166 3727 1213 3775 hoc
1226 3742 1258 3774 ex
1273 3725 1354 3773 schole
1371 3726 1416 3775 de-

278 3791 314 3842 19,
332 3792 364 3834 35
380 3801 427 3850 aeq.
446 3796 471 3834 et
489 3790 521 3836 A.
536 3787 566 3836 P.
583 3793 632 3837 419
689 3797 762 3840 Ata
779 3808 827 3856 seq.
862 3790 998 3839 clametorie
1010 3793 1111 3852 τιχιιιιὸι
1121 3790 1169 3838 diei
1179 3791 1255 3848 deso,
1267 3791 1415 3852 quirespon·

277 3851 344 3900 Pers.
359 3851 409 3900 Set.
426 3851 446 3908 I,
461 3856 491 3901 15
502 3868 552 3917 seq.
566 3858 607 3903 53.
621 3863 646 3902 et
697 3869 754 3902 eum
767 3855 829 3904 xoe.
862 3854 1025 3904 deetthemeti
1039 3864 1064 3903 et
1073 3854 1104 3902 ed
1115 3855 1262 3918 clepsydram
1274 3855 1326 3917 peri
1336 3865 1415 3904 atun-

275 3919 318 3981 nig
336 3927 361 3965 et
378 3918 480 3966 Caeeub.
500 3933 523 3979 p.
542 3921 574 3970 ⁵5
586 3933 634 3982 neq·
653 3923 686 3968 68
696 3935 744 3984 seq.
759 3919 825 3968 Plio.
860 3925 933 3978 tione,
944 3935 1016 3984 quun
1027 3920 1162 3981 praetiterit
1176 3922 1290 3985 congregi
1301 3937 1355 3977 suo,
1371 3937 1415 3968 eu-

277 3981 515 4042 Ep.1,5,t.13,1
534 3999 583 4047 aeq.
604 3983 644 4041 ll,
658 3989 695 4033 14.
726 3985 758 4042 V,
770 3991 795 4042 3,
813 3991 827 4031 7
860 3985 962 4034 diendus
971 3984 1073 4033 vicissim
1084 3985 1216 4033 orationem
1227 3996 1334 4048 rqronut.
1360 3985 1412 4032 No·

277 4046 537 4176 ιιιιι
550 4048 829 4178 iuni-re
858 4049 1415 4179 ...ιιι

278 4175 341 4236 Opp.
360 4175 391 4224 Τ.
406 4177 445 4227 ΙΙ.
461 4195 483 4242 p.
502 4185 552 4228 898
567 4195 615 4243 seq.
640 4148 830 4245 Plutarch-’rigi
862 4149 994 4231 Artuuebs
1003 4185 1086 4249 finitio
1102 4192 1267 4231 meroem
1283 4149 1413 4236 number

277 4243 317 4288 ui
328 4243 419 4298 ἅιιιύιιι,
442 4245 543 4293 Cesaub.
563 4244 594 4294 ed
613 4243 733 4306 Theophr.
755 4245 827 4293 cuer.
861 4249 938 4295 enim:
956 4250 1019 4297 ιἰαιιι
1028 4263 1076 4296 erre
1086 4250 1239 4309 cupiditatem
1252 4249 1337 4294 doloris
1347 4262 1414 4308 repe·

276 4321 328 4366 cap.
346 4307 517 4368 il,3.p.lto.
861 4313 953 4364 aradii
971 4323 1042 4360 etex
1060 4313 1171 4361 Luctant.
1189 4313 1220 4360 de
1236 4311 1271 4358 ira
1287 4311 1410 4360 deicit.

308 4371 401 4421 'Confi
418 4373 523 4422 'l'urnebi
538 4375 601 4424 Λᾶν.
619 4375 679 4432 XX,
691 4380 713 4421 8.
731 4386 755 4423 et
768 4374 828 4423 I'er-
861 4375 903 4422 ubi
920 4375 1004 4423 eedem
1022 4381 1092 4426 ruha
1109 4378 1185 4436 effert,
1206 4376 1248 4423 sed
1270 4378 1414 4439 reprmdendi

274 4437 335 4486 rhea.
359 4437 436 4498 Epist.
458 4439 568 4488 xxlll.
588 4456 611 4502 p.
632 4447 672 4488 4ο.
688 4441 730 4502 qui
753 4450 829 4488 mete·
861 4441 929 4488 lubet
941 4456 985 4502 pro
995 4437 1149 4504 reponendi!¹
1281 4459 1285 4467 ’
