3100 5250
338 479 411 570 sos
712 469 1105 540 contineremus

337 665 456 710 sensum
469 649 648 710 transtulisse
661 652 787 712 uerbum
801 649 937 720 Homeri,
957 649 1008 709 vix
1028 645 1215 709 crediderim·
1259 641 1352 703 Corui.
1364 643 1469 706 lituus
1513 706 1515 782 p

339 749 379 808 nd
391 748 420 808 b.
433 749 453 808 l.
1513 792 1514 813 i

377 855 426 914 38.
440 849 565 920 ulterius,
579 851 675 930 pejus,
688 850 795 929 msjus,
809 849 1059 929 qumnsdmodum
1072 847 1169 907 sum
1184 845 1331 905 dicuntur
1340 844 1462 914 mxime,
1513 830 1514 855 ¹

333 959 476 1020 extreme,
489 949 625 1028 pessime,
638 949 717 1009 ultre
730 970 798 1028 quse
810 969 872 1010 non
883 950 953 1010 linet
963 947 1112 1030 progredi,
1125 958 1163 1008 ut
1174 945 1282 1004 ultim
1293 944 1359 1014 siis,
1371 966 1459 1022 posu,
1513 986 1514 997 .

333 1042 1459 1129 endelitescst—nollis,cinndru,pstbicus-39.VerbsVnron'usel

334 1151 441 1212 eneti
454 1151 544 1211 sveri
626 1149 700 1211 Hoec
715 1151 802 1212 donn.
1513 1126 1515 1173 l

375 1263 426 1316 40.
440 1255 489 1314 De
498 1253 596 1315 verbis
608 1262 745 1334 conputet
759 1275 795 1314 ac
807 1264 882 1315 seua
894 1275 924 1316 v.
939 1255 1063 1315 Excute.
1076 1253 1117 1312 sd
1127 1252 1160 1311 h.
1174 1252 1199 1311 1.
1283 1248 1459 1308 fmus

334 1359 416 1420 culus
428 1395 469 1408 -
482 1359 591 1420 labores
604 1358 652 1418 vel
665 1357 808 1427 Virronis,
823 1358 929 1418 cinoedi
943 1359 1033 1428 cruri,
1046 1358 1136 1416 verbs
1149 1364 1234 1424 sunt
1248 1353 1356 1432 quibus
1367 1351 1460 1410 Neru-

335 1461 383 1522 lus
399 1483 429 1522 v·
443 1469 482 1522 48
496 1482 555 1541 seq.
569 1461 736 1540 respondet,
750 1461 800 1521 vel
813 1461 939 1532 Nevoli,
950 1461 1141 1539 indignantis,
1152 1477 1283 1518 munere
1295 1455 1402 1535 quisvis
1410 1473 1460 1513 nm
1513 1454 1514 1515 l

336 1561 427 1622 modo
440 1561 495 1622 sibi
517 1560 688 1640 exprobrari
701 1573 732 1620 et
745 1559 834 1620 nimis
854 1561 970 1620 exiliter
988 1559 1120 1619 resocsri
1139 1557 1180 1617 sd
1199 1555 1336 1625 miculos,
1355 1554 1405 1614 scd
1419 1554 1460 1612 ills

335 1665 425 1726 etism
436 1664 539 1744 pluris,
553 1675 584 1724 et
596 1664 689 1723 officie
702 1683 765 1735 sus,
778 1684 869 1723 nvsro
880 1663 1021 1743 prestita,
1034 1662 1158 1721 minoris
1169 1659 1315 1730 semimari,
1323 1678 1407 1740 qum
1415 1675 1461 1737 ptr

337 1764 384 1824 sit
425 1763 556 1824 Priorem
570 1762 737 1842 explicandi
750 1765 894 1823 rationem
906 1783 969 1823 non
980 1762 1058 1822 mele
1070 1761 1200 1822 defendit
1209 1759 1286 1820 scn.
1298 1759 1388 1838 cujus
1399 1769 1460 1816 nou

336 1879 400 1928 est:
422 1875 443 1904 “
457 1865 531 1926 Hcse
544 1865 630 1926 tridui
642 1899 685 1914 -
697 1865 787 1926 tulisti
799 1866 898 1945 inquit
908 1866 999 1926 mdis
1010 1887 1118 1926 usurus
1129 1867 1227 1925 mistro
1246 1863 1352 1924 clienti.
1393 1862 1460 1920 Ser·

335 1987 453 2028 monem
466 1965 616 2045 sbmmpit
639 1964 781 2026 Noevolus
803 1965 860 2026 boc
882 1967 1031 2027 consone
1053 1975 1185 2047 computet
1202 1987 1236 2024 oc
1253 1971 1331 2023 αυά.
1369 1960 1460 2018 Virro

336 2067 455 2147 pergite
473 2072 598 2144 ponatur
611 2061 745 2133 calculus,
768 2083 914 2124 summum
933 2085 1056 2124 summe
1075 2065 1293 2132 subscribemus,
1311 2059 1458 2130 «idemus,

333 2165 431 2226 udsist
440 2164 525 2244 pueri
537 2183 598 2222 mm
612 2161 718 2236 tubulis,
733 2182 849 2223 summa
860 2175 922 2224 totn
934 2165 1054 2245 quisque
1065 2165 1202 2226 morsis
1220 2163 1458 2230 Videsmucnum

336 2265 382 2326 tui
396 2265 427 2324 id
442 2265 559 2324 vnlesnt
571 2261 692 2323 labores.
733 2265 902 2344 Cuiflirntus
919 2267 1078 2344 respondet
1098 2265 1261 2328 Nevolus:
1279 2259 1458 2341 Assueilsest

336 2374 392 2424 cet
434 2363 483 2423 Sic
497 2363 625 2422 vividius
638 2373 668 2422 et
681 2363 795 2434 satirice
807 2365 902 2442 magis
914 2364 981 2424 fluit
993 2363 1154 2442 dislogus”
1237 2362 1364 2421 Possm
1380 2357 1459 2416 oola·

337 2463 389 2532 tu,
404 2461 605 2522 subducuntur
618 2462 745 2522 rstiones
758 2461 872 2542 uocepti
884 2475 915 2523 ct
927 2463 1057 2543 expensi.
1092 2461 1206 2523 &lculi
1218 2472 1303 2522 erent
1311 2457 1406 2538 lapilli,
1416 2458 1459 2535 qui

337 2559 369 2616 in
382 2559 544 2618 rationibus
558 2559 606 2618 vel
620 2561 838 2639 computatione
850 2561 1076 2622 adhibebuntur.
1116 2569 1167 2620 41.
1180 2559 1281 2618 utun
1293 2557 1459 2617 rnuorinsto-

337 2663 381 2723 ris
395 2682 417 2723 s.
431 2660 625 2721 cslculetorin.
661 2666 762 2725 Potest
774 2664 863 2725 etism
875 2685 938 2725 esse
950 2666 1045 2725 codex
1057 2664 1173 2744 accepti
1185 2675 1219 2723 et
1230 2662 1356 2741 expensi.
1366 2694 1406 2709 -
1416 2666 1459 2719 tt.

336 2783 453 2823 nomem
465 2804 473 2820 .
484 2804 492 2820 .
504 2804 512 2821 .
522 2806 530 2821 .
540 2764 667 2825 testatio
681 2767 802 2846 quinque
814 2766 939 2827 omnibus
950 2768 981 2826 is
995 2767 1087 2837 rebus,
1107 2768 1139 2825 in
1153 2767 1324 2827 universnm
1338 2765 1399 2843 jem
1414 2763 1460 2821 tibi

335 2863 416 2923 dono
428 2862 506 2923 dedi.
596 2863 713 2935 inhies,
727 2877 763 2925 ut
775 2886 861 2944 opero
874 2886 939 2945 sup.
947 2886 976 2924 v.
987 2872 1037 2925 28.
1050 2865 1089 2925 de
1104 2865 1207 2935 officio,
1220 2864 1254 2923 in
1265 2883 1297 2923 re
1309 2862 1385 2941 turpi
1392 2882 1461 2940 pre·

336 2966 414 3027 stite.
495 2976 672 3029 numeresitsr
684 2977 715 3028 et
728 2968 920 3029 aestimentur.

380 3076 428 3129 48.
443 3076 490 3128 44.
506 3068 603 3127 Verba
616 3070 763 3139 obscoens,
777 3072 830 3129 sed
843 3082 913 3150 epte
927 3071 957 3131 b.
970 3072 990 3130 l.
1004 3084 1035 3133 et
1047 3073 1169 3153 ingenio
1183 3070 1297 3132 Neroli.
1335 3068 1379 3127 Cf.
1391 3066 1462 3126 Ver.

337 3166 419 3227 Lect
500 3167 676 3247 Legitimum,
686 3168 775 3247 justae
788 3171 1010 3249 magnitudinis

378 3273 426 3325 45.
443 3264 581 3326 Naevolus
595 3265 685 3327 cliens
699 3268 843 3341 Virronis,
857 3272 911 3349 qui
923 3274 1030 3343 omnis,
1044 3274 1132 3333 etism
1145 3268 1410 3351 uirpimimsolbcie,
1423 3270 1462 3325 sb

337 3388 373 3427 eo
386 3368 529 3447 exigebat.
611 3370 718 3433 Fodsre
731 3392 818 3432 sensu
833 3394 953 3453 quoque
966 3378 1104 3436 obscoeno
1116 3376 1236 3445 dicitur,
1248 3386 1285 3433 nt
1294 3390 1384 3431 murs
1419 3368 1463 3430 Ci-

337 3466 376 3525 sd
391 3468 434 3538 ll,
451 3474 499 3529 10.
512 3481 541 3529 et
561 3471 690 3531 Mertisl.
703 3472 775 3544 Vll,
792 3481 860 3546 101,
875 3482 959 3534 4.-
971 3474 1021 3536 46.
1034 3477 1095 3537 Sed
1105 3486 1138 3535 tu
1157 3496 1236 3549 sose,
1255 3473 1311 3553 qni
1328 3469 1464 3537 deformis

337 3584 425 3625 senex
437 3578 468 3625 et
481 3566 611 3629 hirsutus
630 3590 671 3642 es,
695 3575 829 3651 putsbss,
853 3586 885 3636 te
904 3588 1039 3635 tenerum
1058 3596 1093 3636 sc
1112 3574 1253 3654 pulcrum
1274 3593 1349 3642 esse,
1367 3570 1465 3649 tibique

335 3676 491 3746 propterea
503 3668 596 3747 gratis
609 3690 728 3750 opernm
743 3678 907 3752 prestitum
919 3679 957 3739 iri
972 3683 1109 3759 spernbss
1122 3704 1141 3742 s
1153 3702 1213 3753 me,
1235 3682 1292 3759 qui
1311 3688 1418 3739 unum
1428 3692 1466 3733 oe·

337 3768 430 3849 perim
445 3768 625 3849 voluptutem
639 3794 676 3834 ex
690 3776 799 3837 labore
840 3780 912 3839 Vim
930 3783 1069 3842 sorcesmi
1087 3783 1174 3843 facile
1193 3782 1317 3842 senties.
1357 3786 1404 3845 47.
1414 3775 1466 3853 dig·

243 3880 247 3887 '
337 3894 402 3933 num
423 3875 522 3955 cyutlso
544 3876 670 3959 mleque,
694 3880 821 3941 alterum
841 3884 1047 3964 Ganymedem
1066 3897 1098 3946 et
1114 3904 1202 3965 usqne
1223 3886 1400 3949 fumosum,
1416 3894 1466 3937 non

335 3972 434 4035 minus
446 3973 581 4053 dignum,
596 3977 649 4056 qui
662 3978 694 4038 in
708 3980 816 4041 coelum
829 3992 932 4062 raptus
940 3983 1011 4044 Jovi
1023 3982 1129 4062 poculo
1141 3983 1341 4043 ministrares·
1355 4000 1382 4038 v·
1392 3973 1468 4042 st,

338 4071 386 4131 56.
396 4082 427 4132 et
442 4080 490 4145 59.

377 4178 426 4231 48·
441 4180 488 4243 49.
503 4174 611 4247 Verbn,
625 4176 737 4256 opinor,
752 4198 812 4238 non
826 4178 950 4251 Naevoli,
970 4180 1024 4239 sed
1036 4190 1140 4259 poete,
1160 4178 1327 4238 Virronem
1344 4173 1422 4251 eique
1434 4171 1471 4229 Sl·

334 4266 419 4329 miles
431 4271 624 4352 alloquentis:
647 4277 728 4344 Quid
743 4298 795 4338 vos
808 4278 873 4337 eliis
885 4277 1044 4352 humilibus,
1059 4278 1241 4358 pauperibus
1253 4278 1410 4352 minusque
1428 4270 1473 4327 di·

335 4360 417 4423 lectis
430 4370 547 4431 adrectis
560 4386 590 4434 et
603 4374 762 4447 sudoribus,
777 4377 807 4435 h.
821 4399 848 4438 e.
856 4378 1019 4451 clientibus,
1034 4380 1191 4453 donabitis,
1205 4380 1230 4439 si
1244 4398 1285 4437 ne
1300 4375 1393 4436 morbo
1409 4368 1474 4450 qui-

334 4467 412 4539 dem,
425 4469 542 4533 libidini
556 4488 586 4537 et
600 4477 671 4539 vitio
685 4490 783 4545 vestro
796 4482 1014 4562 aliquantulum
1027 4482 1185 4561 indulgetis,
1207 4482 1256 4542 vel
1268 4480 1370 4551 nobis,
1390 4474 1473 4537 clien-
