3100 5250
256 406 322 471 ιιι
580 372 586 383 ’
630 400 1027 470 connnnrnnms

257 582 297 639 ite
317 579 561 659 interpretantur:
586 578 637 639 red
655 586 712 639 ιιιιιι
728 578 883 659 precipue,
906 599 991 658 quem
1011 574 1134 635 creditor
1158 574 1245 634 odeot
1265 583 1298 633 et
1318 572 1413 643 cudit,
1524 571 1526 606 i

257 698 351 760 quum
364 700 420 759 pro
432 678 576 739 creditore
588 678 703 749 dicunt,
717 691 770 740 aut
782 699 877 759 quom
889 678 1031 739 edveraua
1047 675 1224 737 creditorem
1234 683 1411 753 aguntun-
1524 683 1526 748 ξ

257 800 329 852 rom,
353 780 482 861 adeoque
495 778 526 838 in
541 798 573 839 re
586 779 765 859 pecuniaria,
789 779 821 838 in
841 800 901 858 qua
920 779 1018 839 cerina
1037 786 1069 837 et
1086 776 1192 857 majori
1212 775 1297 835 vocia
1307 774 1404 833 intcn·
1524 803 1525 814 ι

256 878 504 959 umodiroepuri
515 878 588 941 aolet
601 878 640 939 de
648 880 735 960 juror
755 878 803 941 vel
815 878 1044 938 riiatercorum
1057 876 1159 956 tetigit,
1177 874 1310 954 pnlmv'a
1320 874 1404 934 debi-
1524 873 1526 936 i

258 994 314 1059 tor,
328 984 414 1064 cnjua
424 1002 542 1043 caueam
551 990 654 1062 egunt,
670 986 720 1062 (ιιι
731 984 830 1043 hoen
842 981 1006 1063 quifodioet
1018 980 1095 1041 later
1106 1000 1155 1059 op.
1169 980 1277 1038 Horat
1287 979 1368 1057 epist.
1378 978 1407 1043 I,

258 1086 288 1160 6,
304 1094 352 1148 51.
373 1098 404 1148 et
424 1087 516 1147 cubito
537 1094 652 1166 tongere
674 1106 721 1165 ep.
744 1086 848 1147 Horat.
865 1086 929 1164 ‚Sat
952 1085 994 1156 11,
1010 1092 1039 1156 5,
1055 1091 1103 1142 42.
1117 1094 1147 1143 et
1161 1083 1244 1141 Pero.
1266 1082 1321 1150 IV,
1345 1084 1410 1157 aa)
1524 1111 1526 1166 ι

260 1187 312 1269 qui
323 1186 469 1248 creditum
482 1206 594 1265 negans
608 1185 702 1245 arnor
715 1197 759 1245 cot
772 1196 803 1245 et
816 1204 880 1246 erae
892 1184 968 1246 aolet
981 1184 1030 1243 ilio
1042 1183 1198 1252 creditore,
1218 1192 1250 1241 et
1263 1181 1313 1261 qui
1326 1180 1410 1239 debi-
1524 1181 1526 1206 ²

259 1298 307 1347 tor
320 1286 395 1347 uenit
415 1286 456 1345 od
474 1286 585 1345 dubium
608 1284 786 1357 faciendum,
810 1284 983 1364 negandum
1007 1302 1113 1353 men,
1135 1268 1281 1351 debitum,
1303 1280 1350 1338 vel
1371 1280 1412 1338 od
1524 1329 1525 1332 ,

260 1406 380 1451 cauam
393 1388 432 1451 de
445 1387 558 1450 incerto
570 1388 670 1449 debito
684 1388 839 1469 agendam,
854 1409 915 1448 creor
927 1386 1035 1467 pondi
1047 1385 1149 1457 codiee,
1170 1384 1280 1444 tabulis
1294 1384 1411 1462 accepti

257 1500 288 1551 et
307 1489 438 1569 expensi,
453 1500 547 1566 utap.
561 1488 621 1549 Cic
635 1488 719 1547 Verr.
735 1488 761 1561 1,
776 1487 825 1547 36.
839 1498 944 1566 etpro,
959 1488 1044 1547 nore
1059 1488 1141 1545 Com.
1156 1504 1181 1544 c
1200 1493 1226 1542 1.
1240 1495 1271 1542 et
1285 1491 1315 1541 2.
1364 1484 1411 1542 lte
1524 1465 1525 1508 ³

257 1604 359 1654 temen
373 1604 460 1673 poete
473 1610 579 1671 parum
593 1602 662 1671 apte
675 1590 798 1651 dirimet
812 1612 840 1651 ι.
856 1598 924 1651 100.
938 1590 1003 1671 ipsi,
1022 1601 1054 1650 et
1071 1589 1210 1669 grondm
1222 1588 1340 1645 oodieerrr
1359 1606 1410 1645 ac·

258 1696 336 1775 cepti
350 1706 380 1757 et
394 1684 515 1773 expensi
529 1712 684 1773 perperam
697 1694 849 1754 tribniaret
860 1693 997 1764 debitori,
1011 1691 1060 1752 cui
1070 1712 1127 1751 nec
1141 1712 1236 1771 perro,
1250 1710 1305 1749 nec
1317 1710 1408 1768 mug-

258 1819 298 1859 no
311 1798 412 1858 codice
425 1817 500 1876 opus
513 1817 587 1867 esse,
608 1806 710 1857 monet
727 1797 804 1858 Ach.
847 1796 908 1857 Hic
922 1797 992 1857 inde
1004 1796 1127 1875 colligit,
1148 1796 1229 1855 verbe
1241 1815 1268 1853 v.
1285 1802 1353 1863 109.
1369 1803 1403 1852 et

262 1906 328 1957 110.
350 1896 505 1957 reserenda
520 1896 739 1957 circadalium
759 1896 931 1967 creditorem,
954 1896 1040 1975 cnjus
1063 1914 1168 1964 nonen,
1191 1893 1339 1964 creditum,
1360 1894 1403 1952 ait

260 1996 371 2057 dubium
394 1997 507 2075 quique
528 2008 684 2075 propterea
705 1996 798 2056 mint
822 1995 861 2055 ad
883 1994 1015 2059 ιιιῖιιιιιιιΙ
1042 2014 1112 2053 cnm
1136 1993 1240 2073 grnadi
1262 1992 1351 2050 oder
1369 2004 1403 2051 et

259 2098 355 2159 acrior
368 2106 479 2179 tangat,
493 2110 606 2177 urgeat,
621 2100 696 2159 lotar
709 2096 860 2177 causidici,
873 2097 953 2176 quod
968 2116 1076 2156 nomen
1085 2096 1124 2155 ait
1133 2096 1259 2154 dubium
1272 2106 1323 2153 eut
1336 2115 1407 2153 con-

259 2206 436 2257 novenum.
478 2192 639 2256 Enirirvero
658 2198 755 2257 locum
776 2196 980 2257 difficillimum
994 2206 1074 2255 recte
1087 2195 1210 2273 exponit
1224 2194 1316 2253 Hein
1329 2194 1411 2252 hunc

259 2294 291 2353 in
305 2296 445 2355 modurn:
468 2307 487 2333 ‘¹
502 2295 584 2355 Dicit
597 2295 618 2356 J
620 2296 759 2368 uvenali,
781 2294 943 2368 cenaidicoe
955 2314 1015 2354 non
1029 2295 1169 2374 majorem
1183 2296 1317 2353 fructum
1330 2294 1414 2352 hbo·

258 2396 299 2457 ria
313 2398 357 2457 aui
372 2398 533 2477 percipere,
547 2418 607 2457 non
621 2420 683 2458 esse
697 2396 848 2459 divitiores
861 2398 956 2477 poetic
967 2408 999 2457 et
1012 2398 1168 2467 historicis,
1176 2404 1339 2475 'negatque
1351 2408 1412 2455 tarn

259 2494 407 2553 lucrosum
424 2514 527 2553 eorum
540 2514 602 2555 esee
617 2498 752 2568 officium,
768 2518 858 2576 quem
871 2497 928 2577 ipsi
942 2498 1066 2577 jactent,
1080 2497 1277 2567 mentiuntur,
1290 2496 1342 2555 aed
1354 2478 1413 2553 ιιιιιι

256 2595 408 2676 precipue,
429 2616 514 2678 quun
527 2598 649 2658 creditor
663 2600 752 2672 ondit,
774 2600 822 2660 vel
835 2620 929 2680 quum
943 2600 1130 2680 argentarius
1150 2599 1208 2675 (ite
1218 2600 1335 2678 optime
1349 2600 1413 2679 jem

260 2709 345 2758 vetur
360 2698 472 2780 Schol.)
494 2699 623 2760 debitam
637 2703 794 2780 pecuniam
815 2702 942 2781 (dubium
963 2722 1069 2773 nomen,
1092 2703 1173 2782 qnod
1193 2703 1321 2763 fortasse
1340 2703 1414 2761 solvi

258 2821 317 2862 non
331 2805 443 2884 poteat)
464 2805 502 2864 eb
523 2803 580 2862 illia
600 2805 694 2884 exigit
707 2815 737 2866 et
750 2825 813 2864 error
825 2805 935 2884 gandi
953 2804 1047 2865 codice
1057 2805 1172 2884 accepti
1186 2815 1218 2864 et
1230 2807 1354 2884 expensi
1373 2807 1413 2865 ed

257 2901 324 2963 illoa
337 2901 419 2972 uenit,
433 2901 542 2981 quibua
556 2923 614 2962 non
629 2913 695 2963 tuto
707 2905 835 2983 pecunia
848 2904 960 2965 credita
972 2905 1098 2965 videtur.
1141 2907 1239 2966 Taxet
1251 2905 1341 2984 igitur
1350 2905 1410 2964 Jn-

257 3005 368 3066 venalia
379 3005 667 3085 grmdiloqnentiam
682 3005 906 3078 causidicorum,
927 3027 987 3087 qua
999 3018 1125 3067 utuntur
1139 3028 1238 3066 coram
1256 3007 1408 3066 meditor-i-

257 3105 313 3165 bua
326 3103 396 3176 auis,
410 3125 502 3184 quum
516 3113 616 3164 temen
628 3105 678 3165 vix
693 3105 750 3164 illia
763 3116 885 3184 prestet
895 3127 997 3166 eorum
1008 3107 1147 3175 officium,
1159 3120 1196 3165 ut
1207 3127 1223 3165 e
1235 3118 1409 3184 paupertate

257 3227 407 3286 emergere
419 3208 542 3288 possint
585 3209 698 3274 Quare
712 3207 910 3270 creditoribus
924 3209 1041 3268 fumum
1055 3209 1186 3269 vendere
1200 3221 1350 3288 eoguntur,
1370 3221 1409 3269 ut

257 3308 343 3367 inmte
361 3311 515 3371 consulent
533 3333 594 3372 auae
614 3323 644 3370 et
664 3310 731 3381 rint,
757 3310 809 3390 qui
829 3311 949 3372 credere
967 3310 1080 3372 volunt.
1096 3314 1156 3391 (!)''
1173 3347 1218 3359 —
1240 3321 1306 3372 111.
1330 3313 1412 3372 Prte-

257 3407 335 3469 clare
348 3409 386 3468 dc
400 3411 511 3470 rabulis
524 3433 684 3493 eorumque
697 3413 905 3485 fraudulentia,
921 3413 1048 3474 clemona
1060 3415 1193 3474 oratione
1205 3428 1237 3474 et
1252 3416 1412 3495 impuden-

255 3510 304 3571 tia.
346 3513 431 3571 Coni.
453 3515 531 3573 Pera
546 3515 584 3586 V,
603 3525 640 3575 10
654 3537 713 3597 aeq.
735 3529 775 3589 et,
796 3539 886 3597 quem
900 3531 931 3578 et
943 3517 994 3579 hic
1007 3531 1153 3578 eteorter
1170 3530 1261 3598 poeta
1282 3520 1413 3586 imitante

256 3621 310 3682 ert,
327 3613 429 3672 Horat
445 3611 504 3672 Sat
523 3612 547 3682 1,
563 3620 591 3684 t,
609 3623 646 3684 19
660 3635 727 3706 aeq.¹
803 3617 905 3689 roua,
919 3618 972 3697 qui
985 3639 1088 3678 auram
1102 3619 1252 3698 recipiunt
1264 3619 1412 3678 reddunt·

257 3733 325 3794 qne,
348 3715 442 3774 donec
463 3713 615 3793 liquefiant
636 3717 764 3787 metella,
778 3737 851 3777 ‘non
870 3730 931 3778 tam
951 3721 990 3780 ed
1003 3743 1037 3780 oa
1050 3721 1098 3780 vel
1118 3722 1228 3781 bucera
1253 3721 1412 3799 referendi,

256 3833 345 3892 quem
373 3791 473 3892 potior
492 3813 531 3872 ud
551 3813 714 3893 pulmones,
739 3817 818 3876 vocis
830 3837 866 3877 ec
885 3818 1085 3897 respirationis
1107 3819 1316 3888 irretrumcnte,
1337 3840 1413 3898 quos

257 3913 443 3994 Augustinus
465 3913 504 3974 de
529 3915 593 3974 Civ.
608 3918 666 3978 Dei
687 3918 772 3988 XIV,
788 3925 838 3977 tt.
862 3918 937 3978 dicit
957 3919 997 3978 ed
1020 3940 1122 3980 vocem
1141 3921 1338 3980 emittendam
1356 3941 1410 3979 aen

256 4013 480 4076 modificandam
509 4016 615 4087 velere,
644 4019 720 4078 sicut
748 4019 834 4079 follea
857 4019 1010 4080 fabrorum
1033 4021 1082 4082 vel
1106 4041 1298 4099 organorum.
1340 4029 1372 4080 11
1377 4029 1407 4080 Β.

258 4111 429 4192 Conapeitrrr
441 4117 530 4188 sinu,
545 4138 605 4178 non
619 4121 707 4178 unius
721 4121 834 4180 rabulae
846 4123 885 4182 ab
898 4121 1000 4192 altero,
1017 4122 1070 4182 aed
1082 4123 1223 4183 meridici
1236 4124 1352 4183 fervide
1359 4124 1412 4182 rel

254 4231 363 4290 magne
387 4219 525 4280 ontionir
550 4222 744 4292 contentione,
775 4224 960 4284 vehementia
982 4246 1018 4285 ec
1047 4226 1204 4297 celeritate,
1232 4229 1414 4306 perorantis

135 4311 140 4322 '
256 4307 406 4386 Theophr.
421 4313 459 4372 ad
473 4317 620 4396 δυσχερείας
633 4315 719 4377 Char.
734 4339 759 4377 c.
777 4329 824 4390 19.
838 4321 928 4380 refert
948 4326 996 4380 eoi
1014 4324 1168 4406 ἇςιξξίπιιι
1180 4327 1235 4382 oiri
1246 4327 1294 4383 τοῦ
1307 4331 1414 4396 πιμ-

254 4432 305 4480 ιος,
319 4431 358 4471 rc.
373 4413 413 4470 rir
425 4415 521 4484 σίαλον,
542 4417 632 4486 unde,
653 4419 789 4496 quodibi
805 4423 930 4483 Caaaob.
950 4445 989 4484 ex
1010 4423 1141 4503 Hesycn.
1156 4437 1187 4484 et
1201 4425 1304 4484 Schol.
1322 4429 1414 4486 Aria-
