3100 5250
651 1279 693 1331 IN

390 1516 783 1609 SATIRAM
837 1518 949 1593 XIII.

150 2233 169 2285 1
188 2245 252 2304 aeq.
273 2224 346 2283 San.
360 2223 481 2302 Epaa.
501 2223 590 2283 Nulla
602 2224 694 2302 major
708 2245 794 2304 poena
807 2222 944 2305 aequita‘ae,
964 2243 1047 2303 quum
1062 2222 1133 2301 quod
1147 2219 1199 2279 sibi
1213 2238 1248 2280 oc

106 2329 172 2387 auia
187 2326 336 2406 displicet:
357 2336 387 2385 et
399 2326 538 2405 praeclare
550 2326 716 2385 Ausoniua:
742 2328 839 2406 Turpe
851 2326 920 2407 quid
937 2345 1059 2384 anaunia
1072 2332 1098 2382 te
1112 2322 1171 2381 sine
1184 2330 1250 2381 teate

109 2425 189 2483 time.
234 2423 281 2484 cf.
296 2424 365 2481 Ver.
380 2423 461 2483 Leet.
475 2457 518 2473 -
529 2430 558 2483 2.
578 2423 653 2495 abio,
667 2443 765 2502 poena.
854 2443 884 2482 ae
901 2423 1011 2501 judice,
1029 2420 1142 2500 judicio
1161 2419 1257 2479 animi

112 2531 159 2589 aui
173 2540 207 2591 et
222 2528 413 2589 conscientia.
424 2564 465 2577 —
480 2537 507 2589 3.
522 2529 568 2587 cf.
583 2528 668 2588 Pauli
681 2529 738 2607 Ep.
753 2529 793 2588 ad
806 2529 889 2589 Rom.
905 2529 947 2600 II,
964 2535 1010 2588 14.
1027 2534 1073 2587 15.
1155 2546 1251 2607 quum-

114 2635 159 2694 ois
179 2633 308 2713 improba
324 2635 423 2712 gratio
436 2633 585 2706 Proeton'a,
599 2653 681 2692 areo
694 2634 833 2711 corrupti,
847 2633 943 2693 amerit
952 2631 1062 2710 fallaci
1075 2651 1158 2702 urna,
1181 2631 1211 2688 h.
1225 2651 1252 2690 c.

118 2730 231 2801 fecerit,
245 2739 281 2789 ut
292 2749 359 2788 reus
369 2728 483 2808 judicio
496 2730 595 2789 vincat
607 2728 759 2789 fallacibus
773 2729 922 2788 sententiis
937 2729 1073 2807 judicum
1087 2729 1188 2789 sortito
1201 2729 1262 2786 da-·

120 2839 234 2889 torum:
256 2846 325 2886 nam
346 2829 459 2887 Proetor
478 2847 500 2886 a.
521 2827 678 2899 Quaesitor,
698 2827 747 2887 cui
767 2828 889 2906 quaestio
903 2849 924 2887 a.
939 2847 1025 2886 causa
1038 2829 1168 2906 capitalis
1182 2829 1256 2887 obti-

119 2937 215 3006 gerat,
228 2926 402 2986 sortiebatur
414 2924 463 2984 vel
477 2937 553 2985 sorte
565 2925 683 3004 legebat
695 2937 726 2986 et
735 2925 825 2985 dabat
832 2925 948 3004 judices
959 2925 1079 2986 selectos
1092 2947 1109 2985 e
1120 2926 1255 2998 decuriis,

119 3027 237 3090 tabellis
250 3028 281 3087 in
294 3048 399 3088 urnam
412 3027 570 3108 conjectis;
589 3027 668 3086 unde
681 3047 732 3086 reo
745 3028 844 3087 favere
856 3038 980 3106 poterat,
995 3048 1148 3089 secernens
1161 3029 1192 3086 in
1208 3028 1259 3108 ju-

122 3127 239 3188 dicibus
250 3126 384 3205 legendis
397 3127 462 3206 ejus
477 3126 526 3185 vel
539 3147 605 3186 suos
617 3127 735 3186 amicos.
777 3127 862 3198 Idem
875 3147 993 3208 quoque
1003 3128 1154 3208 judicibus
1167 3129 1259 3188 tubel-

122 3231 165 3291 Ias
189 3229 289 3299 dabat,
313 3228 512 3300 absolutionis,
529 3230 777 3290 condemnationis
795 3245 825 3289 et
848 3231 1053 3308 ampliationis,
1074 3251 1147 3310 quas
1166 3231 1208 3302 hi,
1228 3232 1260 3290 in

126 3329 280 3390 consilium
292 3328 384 3400 missI,
397 3329 429 3386 in
441 3348 542 3387 urnam
555 3329 756 3408 conjiciebant,
770 3327 864 3406 iisque
878 3328 991 3388 eductis
1005 3331 1177 3390 sententiam
1187 3331 1261 3391 fere·

126 3430 195 3489 bat:
218 3428 298 3487 unde
318 3448 393 3486 urna
414 3427 503 3488 etiam
522 3426 587 3487 h.l.
607 3427 647 3486 ad
669 3417 806 3504 suffragia
823 3425 961 3505 judicum
979 3427 1159 3500 selectorum,
1180 3450 1199 3488 a
1211 3450 1262 3490 reo

129 3542 342 3611 corruptorum,
365 3531 467 3590 referri
488 3541 593 3610 puteat.
634 3529 692 3588 Sed
716 3528 745 3585 h.
759 3527 778 3586 l.
804 3527 941 3588 Praetoris
959 3532 1142 3608 potissimum
1163 3535 1263 3611 gratia

130 3629 232 3709 iniqua
243 3628 393 3689 notatur.¹
435 3627 517 3686 Hinc
529 3626 681 3713 probabile
694 3626 741 3696 sit,
753 3626 881 3685 amicum
895 3626 1018 3698 Caluini,
1032 3631 1084 3707 qui
1097 3631 1263 3709 depositum

131 3735 335 3810 abnegaverat,
349 3739 517 3790 accusatum
529 3730 568 3788 ab
582 3749 627 3800 eo,
641 3729 693 3789 sed
708 3727 843 3789 Praetoris
851 3728 1046 3811 judicumque
1059 3743 1264 3811 corruptorum

134 3835 284 3896 sententiis
297 3832 464 3893 absolutum
476 3832 575 3892 fuisse.

174 3946 205 3999 ⁵.
226 3936 385 4003 Calaiaaa,·
405 3936 481 3995 alius
499 3925 576 3994 forte
596 3935 734 3995 Calvinus
749 3937 871 4007 Umber,
891 3937 986 3996 malus
999 3947 1094 4017 poeta,
1115 3959 1163 4017 ap.
1177 3939 1265 3999 Mart.

135 4041 207 4112 VII,
222 4049 270 4111 89.
283 4077 325 4090 -
339 4047 367 4100 8.
387 4049 414 4099 te
426 4047 543 4118 mergat,
562 4037 697 4096 funditus
709 4049 739 4098 te
752 4049 864 4099 evertat
875 4041 960 4099 bonis
973 4051 1004 4099 et
1016 4040 1053 4098 ad
1067 4053 1267 4120 paupertatem

138 4143 261 4222 redigat.
303 4142 388 4202 Conf.
410 4141 449 4200 ad
473 4140 513 4211 X,
535 4147 584 4206 57.
597 4173 639 4186 —
661 4146 707 4198 10.
730 4140 822 4200 casa
844 4141 937 4215 tritus,
961 4141 1100 4220 vulgaris,
1125 4144 1265 4224 (metaph.

137 4245 229 4325 petita
241 4265 259 4305 a
271 4243 333 4322 via)
349 4253 381 4303 'et
393 4263 409 4302 e
422 4241 518 4313 medio,
538 4250 598 4301 n'on
611 4262 629 4300 a
642 4261 765 4312 summo,
783 4227 915 4304 Fortuna
927 4243 1065 4316 adversae,
1086 4245 1115 4305 h.
1129 4267 1155 4307 e.
1175 4250 1266 4308 malo·

171 4459 179 4489 ¹
197 4461 237 4511 cr.
253 4463 341 4527 nm·
351 4464 377 4516 n
388 4474 436 4515 aa
446 4473 472 4515 a
488 4463 550 4514 axa
560 4463 591 4513 aa
602 4464 670 4531 mg.
682 4465 741 4516 ma
752 4466 800 4524 vr,
813 4471 868 4518 aaa.
882 4474 907 4517 a
923 4465 1003 4532 sagon.
1014 4431 1044 4516 aa
1055 4465 1136 4518 suan.
1147 4467 1186 4523 11,
1199 4471 1238 4514 aa.
