3100 5250
416 456 467 522 IN
488 455 652 524 JUVEN.
679 457 776 525 SAT.
801 459 879 527 Vll.
1159 461 1225 526 253

90 635 152 712 (ret
167 630 271 692 Sithol.
286 631 372 702 male,
387 631 501 692 aetlificii
513 632 629 713 frigidi)
650 634 775 715 noeque
788 635 913 694 cadumi
934 653 965 694 r.
974 631 1016 692 'sd
1031 631 1067 703 V,
1082 641 1109 693 8.
1125 646 1156 695 et
1168 635 1224 704 Vl,

90 743 148 802 537.
162 769 206 784 -
220 743 282 795 222
297 755 358 813 seq.
372 733 452 793 Dum
471 736 550 794 malo
569 755 623 794 nou
643 746 751 816 percat,
774 738 886 798 inutilis
905 736 993 816 plane
1011 735 1051 796 sit
1072 737 1226 816 manisque

88 833 198 912 premii
213 853 320 913 expers
333 843 413 892 totua
425 831 508 893 labor
522 833 799 908 Graaunaucorum
820 835 872 916 qui
892 845 990 896 tamen
1007 834 1227 895 molestissimus

87 947 136 998 at
178 937 285 998 Romae
297 935 361 996 ludi
373 935 526 996 literarum
536 939 600 1016 jam
613 939 709 1016 prima
721 939 788 999 luce
800 939 1014 1018 aperiebantur,
1035 937 1174 1016 quoniam
1193 959 1228 998 ea

87 1046 131 1093 est
145 1036 263 1114 optima
276 1034 332 1094 diei
344 1053 429 1114 pam
450 1054 506 1096 nec
525 1046 624 1097 tamen
644 1037 739 1096 medico
753 1038 840 1097 noctis
853 1038 891 1096 ob
905 1037 983 1108 loro,
1007 1055 1067 1114 qno
1078 1055 1228 1114 mauge·

87 1149 147 1209 tur.
156 1138 185 1177 ⁸⁴
197 1173 240 1186 -
253 1143 319 1204 223.
337 1137 420 1198 Sedet
441 1149 604 1218 preceptor
624 1139 656 1198 in
676 1139 775 1200 schola
795 1141 845 1218 (nt
862 1139 999 1220 discipuli
1012 1148 1088 1199 nont
1101 1159 1131 1199 v.
1144 1138 1229 1220 226.)

88 1247 118 1296 ct
130 1237 219 1314 priua
231 1234 322 1296 labori
337 1235 489 1305 incumbit,
505 1256 594 1315 quam
611 1237 749 1298 sellularii
762 1239 958 1318 artifices„qui
967 1249 1066 1298 tamen
1075 1238 1138 1318 jam
1151 1257 1231 1298 sum·

89 1359 135 1400 mo
148 1357 237 1398 mane
249 1340 364 1417 operari
377 1340 478 1399 solent
491 1361 535 1388 ¹·-
549 1347 617 1400 224.
632 1341 740 1421 obliquo
748 1341 847 1420 serm,
867 1342 1004 1415 earmine,
1029 1341 1151 1422 (pectine
1162 1361 1232 1402 unco

91 1465 135 1523 ap
157 1443 310 1504 Claudian.
332 1445 403 1515 XX,
424 1447 509 1523 382.)
531 1445 581 1504 rel
600 1445 694 1505 hamis
713 1445 816 1506 ferreis
836 1446 955 1526 oblique
968 1446 1000 1505 in
1013 1447 1143 1506 tabulam
1156 1446 1231 1516 fixis,

95 1544 189 1602 bnon
202 1541 333 1602 dedocere
346 1553 377 1620 et
389 1542 556 1612 adtenuare,
578 1543 625 1602 vel
643 1543 791 1623 explicare
804 1554 926 1605 nactam
939 1556 971 1604 et
983 1565 1001 1603 a
1014 1545 1149 1604 sordibus
1160 1561 1232 1622 pur·

97 1666 177 1725 gare,
190 1646 218 1704 h.
230 1665 255 1704 e
269 1644 439 1704 carminare.
482 1646 529 1703 Cf.
543 1643 582 1705 ad
596 1666 623 1704 v.
640 1653 687 1706 54.
700 1657 732 1707 et
745 1647 854 1725 Heyne
867 1648 905 1706 ad
920 1642 1029 1706 Tibull.
1045 1647 1071 1716 1,
1086 1646 1115 1717 6,
1130 1650 1178 1710 80.
1191 1674 1233 1694 ι-

101 1755 169 1810 225.
181 1747 303 1827 offuciam
316 1747 455 1817 laconas,
479 1767 601 1826 gravem
614 1769 715 1808 earum
728 1749 849 1809 odorem
861 1769 896 1809 ac
909 1749 1035 1808 fumum.
1048 1783 1090 1797 —
1102 1747 1170 1808 226
1186 1747 1233 1806 do·

98 1847 167 1906 color
184 1846 247 1906 reb.
260 1841 400 1926 suligiroe,
420 1846 503 1906 llim'c
522 1856 567 1906 tot
585 1839 781 1908 lucemar'um.
851 1841 987 1906 ‘Flaccus
1006 1839 1146 1916 ethium,
1168 1845 1234 1904 Ho-

99 1945 159 2004 ratii
171 1955 202 2003 et
213 1942 334 2022 Virgilii
349 1944 485 2002 carmina
528 1944 564 2002 ln
583 1944 688 2004 scholis
708 1955 769 2004 tam
790 1944 929 2003 Romanis
942 1963 1031 2022 quam
1046 1944 1159 2003 Graecia
1171 1963 1235 2001 om·

99 2042 142 2101 nis
152 2041 343 2102 instimtionis
357 2041 582 2121 studiorumque
594 2041 711 2101 initium
725 2061 743 2100 a
757 2049 921 2120 poetarum,
935 2041 1097 2120 etquidem
1110 2041 1234 2118 optimo-

100 2163 174 2213 mm,
186 2143 217 2202 in
227 2144 333 2224 primis
349 2145 481 2214 Homeri,
499 2143 551 2205 sed
564 2144 665 2204 seriori
678 2165 741 2204 aevo
754 2143 871 2203 Horatii
884 2143 972 2202 etiam
986 2153 1016 2201 et
1028 2139 1156 2221 Virgilii,
1177 2143 1236 2203 lec-

104 2247 181 2307 tione
194 2247 372 2326 capiebatur.
386 2267 414 2306 v.
430 2247 545 2308 Petron.
563 2255 589 2306 5.
604 2247 727 2320 Quintil„
740 2247 765 2320 Ι,
777 2253 804 2316 1,
815 2253 862 2305 12.
876 2251 906 2314 8,
917 2251 944 2304 5.
956 2246 995 2312 Χ,
1012 2251 1099 2315 1‚85.
1131 2245 1237 2304 Preci-

102 2369 281 2430 poaquoque
290 2350 555 2410 Grammaticorum
567 2369 657 2429 opera
667 2350 697 2408 in
708 2349 802 2429 poetia
815 2347 1040 2427 interpretandis
1056 2350 1236 2408 versabatur.

104 2453 224 2524 berech
238 2453 412 2524 adhaereret,
427 2453 589 2514 inhaereret.

137 2564 206 2617 228.
229 2557 299 2615 Non
323 2556 430 2637 exigua
453 2565 569 2616 tantum
594 2576 705 2616 merces
721 2554 936 2614 ¹Grammaticis
964 2554 1086 2614 solvitur
1112 2573 1238 2635 quaque

101 2654 273 2715 diminuitur
292 2674 444 2715 servorum
463 2655 576 2727 fraude,
599 2655 678 2733 (sup.
693 2674 721 2713 r.
736 2652 797 2713 216
813 2655 888 2732 aeq.)
908 2652 961 2712 sed
979 2672 1044 2711 eam
1060 2672 1181 2731 quoque
1200 2671 1239 2710 ne

104 2754 168 2814 aine
180 2752 233 2811 lite
244 2752 358 2831 quidem
372 2766 402 2813 et
413 2754 579 2833 cognitione
593 2752 702 2813 tribuni
718 2752 860 2811 obtinent
941 2749 1055 2819 tribuni,
1067 2768 1129 2809 non
1138 2750 1238 2829 plebis,

105 2852 157 2931 qui
165 2852 218 2931 joa
230 2850 306 2913 haud
320 2853 446 2923 dicebat,
465 2852 517 2911 sed
528 2850 637 2920 cerarii,
658 2851 710 2929 qui
725 2850 762 2909 de
775 2848 934 2909 levioribus
947 2846 1132 2927 potissimum
1145 2849 1241 2907 musis

103 2950 248 3028 rebusque
273 2950 448 3029 pecuniariis
478 2949 571 3027 (unde
598 2945 719 3007 mariue
746 2966 865 3025 qunque
892 2945 1003 3024 dietus)
1038 2946 1240 3023 cognoscebat.

105 3053 212 3113 Notum
226 3051 306 3112 enim
322 3064 367 3113 est
380 3053 429 3112 vel
442 3052 596 3122 tironibus,
613 3048 736 3130 judicia,
756 3069 824 3128 quar
842 3048 946 3128 primia
957 3047 1139 3126 temporibus
1152 3065 1242 3125 penes

105 3162 231 3213 senatum
251 3152 384 3225 fuerant,
408 3150 475 3230 lege
495 3152 668 3231 Sempronio
687 3152 721 3211 C.
736 3150 864 3210 Gracchi
887 3150 926 3209 ad
949 3147 1072 3226 Equites
1092 3144 1242 3218 translato,
1267 3148 1271 3153 ’

104 3254 207 3314 deinde
218 3254 287 3333 lege
301 3244 387 3313 Livia
399 3265 429 3313 et
442 3250 557 3312 Plautia
576 3252 759 3311 senatoribus
772 3262 803 3309 et
817 3248 975 3327 Equitibus
995 3247 1072 3318 data,
1093 3258 1156 3305 turn
1177 3266 1196 3304 s
1208 3247 1243 3303 C.

108 3352 192 3413 Sulla
203 3352 384 3413 aenatoribus
402 3351 546 3423 restituta,
570 3363 600 3411 et
618 3351 737 3413 tandem
756 3350 823 3429 lege
836 3347 959 3407 Aurelia
971 3346 1006 3407 L.
1022 3346 1135 3405 Aurelii
1149 3347 1243 3404 Cottae

107 3456 205 3517 tribus
216 3456 365 3519 orbibus
378 3456 544 3515 communia
556 3456 634 3517 facta
647 3475 719 3527 esse,
732 3454 773 3513 ita
784 3464 820 3511 ut
832 3450 938 3510 exinde
943 3432 1105 3523 ’senatores
1120 3448 1245 3528 Equites

103 3566 136 3615 et
159 3575 177 3614 e
195 3554 280 3635 plebe
303 3555 416 3645 tribuni
435 3554 529 3614 cerarii
546 3552 714 3633 judicarent
733 3562 764 3610 et
783 3550 815 3609 in
835 3549 958 3629 singulis
973 3549 1094 3630 judiciis
1113 3571 1131 3610 e
1149 3550 1245 3609 tribua

105 3658 166 3719 istis
189 3656 318 3719 decaniis
341 3658 454 3737 aliquot
476 3657 654 3736 legerentur.
702 3652 834 3719 Tertiam
861 3652 983 3731 quidem
1006 3653 1164 3722 decuriam,
1192 3650 1244 3710 tri·
1316 3699 1319 3704 .

104 3766 251 3823 bimorum
274 3761 454 3833 tarenorum,
477 3762 511 3819 C.
533 3761 630 3820 Caessr
654 3757 778 3818 dictator
802 3755 928 3827 sustulit,
953 3756 1005 3816 sed
1028 3775 1097 3817 mox
1117 3753 1245 3813 restituit

105 3864 270 3943 Augustus

143 3975 204 4037 229
218 3987 280 4046 seq.
301 3966 404 4025 Nihilo
423 3964 517 4028 aecius
537 3972 672 4042 parentes
696 3961 834 4039 exigunt,
848 3970 885 4033 ut
902 3958 1118 4017 Grammatictm
1138 3952 1246 4024 omnia,

101 4069 191 4128 etiam
204 4066 362 4136 levissima,
378 4065 449 4127 sciat
462 4075 492 4124 et
504 4065 546 4142 (v.
560 4070 620 4129 237
632 4064 703 4143 seq.)
719 4080 919 4140 quoscumque
933 4058 1007 4118 filios
1022 4057 1071 4127 ita,
1085 4066 1119 4115 ut
1133 4065 1245 4133 optant,

100 4183 131 4233 et
143 4172 287 4255 fingeret
298 4178 384 4229 amet
425 4168 477 4228 Ad
491 4166 757 4226 Grammaticorum
770 4176 863 4225 artem
876 4164 980 4223 Cicero
991 4161 1082 4221 refert
1094 4170 1246 4239 poetarum
1269 4151 1274 4157 ⁹

99 4270 372 4353 pertractationem,
386 4268 573 4331 historiarum
588 4266 794 4346 cognitionem,
808 4262 1075 4344 interpretationem
1089 4262 1246 4322 verborum
1304 4254 1308 4257 ⁴

336 4472 356 4506 κ
368 4469 407 4520 cr.
422 4468 635 4528 naotrxma
651 4466 717 4527 xrr,
730 4472 769 4517 57.
785 4466 850 4516 res
865 4465 920 4524 111,
935 4426 1007 4528 ra,
