3100 5250
439 478 490 542 lN
511 476 676 543 IUVEN.
702 479 799 545 SAT.
825 482 870 545 X.
1161 490 1225 551 tet

111 670 154 727 nn,
165 654 254 715 donec
273 654 410 713 omnibus
430 673 495 713 eam
514 654 670 715 nudaverit
682 654 840 715 unionibus
854 656 902 714 vel
910 657 1040 735 gemmis
1053 658 1225 739 reliquoque

69 780 73 789 ·
107 755 214 834 eorporis
227 753 377 839 oniam-‘⁷⁹
388 788 431 804 ·-
444 761 512 815 321.
527 753 595 834 quid
605 753 678 814 enim
691 756 779 833 pretii
789 775 823 816 ac
837 754 966 815 muneris
980 756 1037 815 ulto
1051 758 1156 817 mulier
1168 760 1223 818 irn-

105 854 193 934 pudica
205 853 347 932 negaverit
366 853 430 912 udis
449 854 618 935 inguinibus,
642 854 676 913 in
693 854 841 915 Venerem
860 854 1071 934 libidinemque
1091 858 1223 917 conferre

105 952 252 1014 dubitabit?
295 960 362 1013 322.
384 953 480 1033 Oppio
496 953 597 1034 judice
612 954 685 1013 Brit
698 954 775 1013 forte
788 954 909 1033 patricia
922 974 956 1013 ac
972 954 1087 1025 nobilis,
1111 954 1223 1016 Catulla

105 1072 164 1111 vero
173 1051 292 1129 plebeia,
306 1050 356 1110 vel
368 1050 420 1111 illa
434 1051 562 1111 liberalis
574 1072 609 1113 ac
627 1051 754 1132 prodiga
773 1062 804 1112 et
825 1051 889 1112 haec
908 1072 1004 1124 avara,
1028 1053 1075 1113 vel
1097 1054 1224 1133 denique

105 1152 148 1211 ilis
162 1152 231 1210 tiva
248 1162 283 1210 et
304 1151 368 1211 brec
387 1171 509 1231 pauper.
550 1152 628 1212 Nota
643 1152 720 1211 Ach.
734 1162 798 1213 ests
820 1153 904 1213 “Sic
924 1174 1024 1213 omnes
1043 1153 1222 1233 interpretes

103 1256 160 1333 ligo
175 1273 237 1313 vero
263 1272 383 1314 sensum
402 1253 498 1315 multo
517 1254 612 1333 magis
630 1254 780 1317 satiricum
799 1254 830 1315 h.
849 1252 870 1311 l.
890 1256 1008 1333 aperio:
1031 1256 1091 1315 scil.
1108 1256 1221 1319 Catulla
1245 1336 1248 1345 .

102 1355 188 1416 mulier
198 1356 316 1415 infamis
329 1367 360 1416 et
372 1357 531 1435 impudica,
555 1357 695 1435 (libertino
708 1356 857 1437 effrontte)
879 1377 945 1438 quae
965 1358 1083 1437 publice
1101 1360 1221 1419 notaba-

101 1464 147 1525 tur,
165 1455 203 1531 (r.
220 1454 348 1513 Martini.
363 1453 453 1527 VIII,
468 1462 516 1515 53.
531 1466 561 1515 et
574 1474 638 1533 sup
652 1453 691 1513 ad
705 1454 748 1528 11,
764 1456 829 1533 49.)
859 1453 952 1535 Oppio
972 1453 1077 1514 mulier
1097 1454 1223 1514 formosa

102 1568 126 1616 ct
144 1556 249 1635 pudica,
271 1556 365 1636 prede
387 1558 510 1618 nobem
560 1558 662 1631 Porro,
683 1576 776 1636 quum
797 1556 862 1617 illos
882 1568 968 1637 poeta
991 1557 1170 1638 opposuerit,
1190 1558 1221 1618 in

102 1660 233 1720 animosi
261 1661 352 1722 fuisse
377 1662 517 1741 suspicor,
545 1680 646 1722 omnes
671 1663 795 1723 feminas
816 1660 1007 1741 impudicitia.
1029 1660 1223 1721 insimulare.”

104 1765 283 1825 Conamen
302 1763 408 1824 mulier
427 1784 533 1844 parum
553 1777 622 1843 apte
642 1764 672 1823 h.
693 1765 714 1823 l.
740 1764 895 1824 memorari
917 1764 1041 1824 videtur.
1126 1761 1220 1843 Oppio

99 1866 177 1925 forsan
194 1867 223 1925 h.
237 1868 259 1926 1.
281 1889 388 1928 nomen
409 1868 639 1940 deformissime,
664 1879 694 1927 et
716 1866 829 1926 Catullo
849 1866 1063 1927 formosissima
1077 1864 1217 1925 mulieris.

100 1964 193 2023 Catullo
207 1976 297 2037 certe,
312 1968 397 2045 cujus
410 1967 589 2025 mentionem
602 1965 674 2023 iacit
685 1964 830 2023 Martialis
842 1964 932 2034 VIII,
948 1970 1005 2034 53,
1028 1976 1058 2024 et
1071 1964 1218 2025 formosis-

98 2066 152 2125 sima
164 2068 221 2128 tuit
236 2080 268 2128 et
281 2067 520 2146 impudicissime.
533 2102 575 2113 -
589 2073 658 2127 32³.
676 2064 760 2129 Idem
773 2065 850 2123 Ach.
864 2066 905 2153 ita
918 2066 1125 2145 interpretatur
1138 2090 1148 2127 s
1166 2066 1219 2145 se·

98 2168 152 2226 niro
164 2167 274 2243 omnis,
289 2186 492 2247 quecumque,
507 2168 546 2227 sit
558 2166 678 2227 deterior
690 2178 742 2226 aut
762 2166 875 2236 melior,
896 2166 985 2226 babet
998 2175 1074 2237 tutor,
1090 2168 1217 2239 eoadem,

98 2292 163 2331 norm
177 2271 249 2342 itte,
264 2290 356 2350 quum
368 2270 407 2330 de
419 2268 591 2349 inguinibus
610 2268 679 2329 ortis
697 2268 806 2348 egitur,
831 2267 907 2327 Gall.
928 2276 1001 2327 toute
1009 2267 1117 2346 serame
1136 2269 1221 2329 mnne

96 2369 271 2429 uncuuoire
283 2377 324 2427 est
337 2368 365 2428 lu
380 2366 472 2438 nime,
487 2367 584 2447 qrmnd
595 2366 619 2425 il
630 2368 652 2424 a'
664 2366 725 2445 ogit
738 2366 773 2425 de
787 2408 794 2423 .
810 2407 817 2423 .
831 2406 857 2436 .,
879 2373 905 2425 et
919 2384 953 2423 ne
965 2364 1218 2446 effusercjaruais,

96 2473 206 2553 quoiqc’ii
220 2492 255 2531 eu
275 2470 363 2542 write,
383 2471 541 2531 d'urrouuir
561 2488 595 2529 ra
609 2470 735 2550 prasion.
779 2470 837 2531 Sed
852 2488 940 2548 quam
954 2468 1028 2528 dura
1041 2468 1079 2529 sit
1091 2468 1158 2529 haec
1169 2490 1219 2530 ex·

97 2576 208 2653 plicatio,
228 2575 281 2634 vir
302 2576 446 2654 estquod
460 2592 604 2634 moneam.
644 2570 783 2652 Vulga'ris
799 2584 842 2634 est
855 2560 937 2633 boc:
962 2570 1078 2632 aninu
1091 2572 1218 2646 deterior,

94 2675 119 2732 in
131 2676 227 2735 ceteris
238 2675 317 2733 male
329 2685 440 2735 morata
453 2685 483 2733 et
496 2675 527 2733 in
540 2673 670 2751 reliquos
683 2693 784 2733 omnes
797 2692 883 2732 avara
895 2681 926 2732 et
938 2691 1075 2752 nequam,
1094 2673 1153 2733 iIIr'c
1166 2675 1217 2734 Ita·

94 2773 133 2830 bet
145 2782 209 2832 totos
220 2793 313 2843 nores,
326 2773 376 2834 hic
389 2772 487 2833 induit
500 2771 677 2843 comitatem,
691 2770 893 2832 liberalitatem
905 2781 959 2831 cet.
972 2781 1007 2832 ut
1019 2772 1142 2834 moecbis
1157 2773 1214 2836 lar·

94 2876 182 2951 giatur
193 2886 221 2936 et
232 2877 353 2956 placcat.
396 2876 453 2935 Sed
469 2878 544 2935 benc
557 2875 620 2936 haec
633 2874 785 2934 adnotavit
799 2876 921 2934 Manen:
953 2884 972 2914 “
987 2873 1054 2952 Ipse
1068 2875 1138 2935 olim
1152 2885 1216 2937 ten·

95 2989 206 3038 laveram
219 2989 305 3039 tortor
317 3001 373 3059 pro
385 2969 464 3049 totos,
485 2979 643 3058 respiciens
655 2977 701 3037 ad
720 2978 817 3037 Plauti
833 2977 1022 3055 (M'enaechm.
1038 2977 1092 3050 IV,
1107 2985 1136 3047 2,
1151 2981 1215 3059 25.)

96 3082 257 3145 conditiones
277 3092 366 3144 tortas
385 3095 416 3144 ot
435 3084 628 3160 confragosas,
654 3082 684 3140 h.
698 3102 723 3140 e.
745 3081 898 3160 ambiguas
918 3089 948 3139 et
967 3077 1108 3152 difficiles,
1128 3088 1159 3140 et
1177 3080 1216 3140 ad
1255 3123 1268 3153 ,

97 3181 170 3241 Persii
182 3203 271 3243 mores
284 3204 382 3244 curuos
397 3197 427 3244 et
441 3183 565 3255 intortos,
588 3183 663 3262 (III,
679 3191 726 3243 52.
741 3182 779 3253 V,
794 3185 857 3262 38.)
878 3181 907 3240 h.
923 3201 948 3241 e.
969 3183 1122 3241 abnormes
1134 3191 1165 3240 et
1178 3181 1216 3242 ad

96 3282 207 3357 regulum
219 3304 283 3344 non
296 3294 420 3344 nactos
463 3283 552 3342 Nunc
564 3283 728 3343 accuratius
741 3303 773 3341 re
786 3300 932 3360 perpensa
945 3289 1073 3338 mentem
1089 3289 1172 3340 muto
1185 3291 1216 3342 et

96 3382 151 3433 idos
161 3399 242 3440 nnec
257 3380 296 3440 de
308 3380 444 3439 universa
459 3378 579 3439 visendi
598 3379 764 3458 agendique
784 3379 895 3437 ratione
910 3377 1050 3456 intelligo.
1092 3377 1215 3440 Diaerat

96 3489 170 3554 poeta
188 3482 221 3543 tle
241 3483 416 3558 libidinibus
435 3484 611 3543 seminarum
630 3481 849 3562 generosiorunr
870 3492 900 3542 et
919 3503 1034 3566 summo
1054 3483 1118 3544 loco
1130 3494 1212 3543 natu·

96 3597 157 3637 rua
192 3581 251 3642 ins
271 3583 375 3652 misso,
396 3581 512 3661 pergit:
534 3581 619 3654 Quid
638 3582 733 3641 sicam
754 3579 793 3639 us
805 3565 926 3657 sumtus
945 3581 1134 3654 aesimon,
1153 3583 1173 3640 s.
1187 3601 1213 3641 e.
1319 3607 1322 3616 ·

96 3681 217 3747 inferioris
227 3685 431 3749 conditionis?
474 3685 532 3743 Hae
545 3675 614 3745 totoe
629 3686 666 3743 ab
679 3682 851 3762 inguinibus
866 3684 996 3762 pendent
1003 3707 1014 3756 3
1038 3685 1142 3744 harum
1156 3704 1212 3743 mo·

96 3799 132 3837 res
141 3793 166 3842 et
177 3782 402 3844 consuetudines
421 3782 509 3862 plane
528 3781 587 3840 illio
605 3781 651 3858 (in
664 3781 849 3861 inguinibus)
865 3794 933 3841 sunt
946 3793 976 3842 et
989 3781 1145 3861 inguinum
1159 3781 1213 3838 im·

68 3869 76 3880 ’
95 3885 161 3959 perio
171 3897 379 3967 temperantur.
421 3885 575 3946 Habemus
594 3884 788 3962 epiphonema
810 3883 877 3942 satis
891 3896 993 3962 aptum
1007 3894 1036 3944 et
1051 3881 1213 3944 claudenda

97 3987 217 4055 enuntia
230 3987 366 4065 dignum,
381 3985 438 4055 cui,
452 3985 478 4044 ai
491 3985 581 4043 verba
594 3995 767 4062 spectemus,
782 4001 841 4041 non
855 3980 985 4042 absimile
999 3981 1088 4040 fuerit
1101 3981 1211 4042 Lucre·
1322 4053 1326 4062 Δ

96 4083 189 4148 danum
208 4088 283 4149 illud
303 4089 359 4160 VI,
379 4094 466 4148 1203.
511 4086 580 4145 Huc
600 4083 717 4144 bominis
736 4093 799 4144 totoe
823 4084 906 4143 vireis
925 4101 1076 4162 corpusque
1090 4082 1210 4162 fluebat.

119 4327 134 4355 ’¹
145 4327 290 4392 interpretes,
302 4337 420 4393 quotquot
430 4326 486 4386 ridi,
496 4327 548 4375 hnc
559 4329 629 4374 ruba
661 4327 759 4376 verbum
769 4334 834 4374 eruet
845 4321 876 4372 od
887 4321 950 4372 idom
961 4301 1100 4386 sdbjectutu,
1108 4321 1138 4372 ad
1145 4319 1209 4388 quod

95 4387 120 4436 lit
127 4403 255 4454 caponum
274 4404 340 4444 eruet
352 4393 450 4442 Servitia
464 4411 559 4444 orneacus
575 4409 627 4440 cor-
649 4394 703 4458 fiet,
713 4389 864 4440 rcietcudum
875 4398 917 4438 est.

94 4463 144 4514 poris
157 4470 274 4520 omium,
292 4470 321 4510 ut
337 4458 446 4511 adultero
461 4458 541 4509 donet.
579 4457 626 4507 Sed

615 4541 683 4591 Fra
