3100 5250
504 514 553 579 IN
575 512 740 579 JUVEN.
767 510 868 579 SAT.
893 514 919 579 1.
1239 518 1275 579 ll

116 689 255 749 clamore
274 690 470 771 impelluntur
487 709 523 749 ac
542 690 713 751 ιοεοιιιιιιῑ.υ
792 688 925 757 emens,
939 700 1087 757 resonant,
1111 700 1144 749 ut
1157 688 1272 762 latrare,

110 791 273 871 plangere,
287 793 430 861 onlelore,
441 790 519 869 βιᾷι,
532 790 639 873 egino,
661 793 746 871 ι’άχιιι
758 791 798 851 de
809 791 915 860 venus,
934 788 1074 851 fluctibus
1095 778 1150 849 cet
1173 792 1217 868 (v.
1235 791 1273 850 ad

116 892 176 951 Sil.
194 894 257 964 111,
275 898 346 961 471.
361 894 411 963 lv,
426 900 496 953 524.
507 904 538 953 et
551 894 652 953 Burm.
663 894 702 951 ad
712 891 808 953 Valet.
822 892 867 951 Fl.
884 891 909 963 Ι,
925 894 1009 970 590.)
1091 892 1208 951 assiduo
1220 894 1273 952 lec·

117 1001 195 1063 tore,
220 994 361 1055 continua
378 1006 466 1071 atque
488 991 723 1071 frequentissima
748 990 919 1052 recitatione
939 990 1076 1062 bominis,
1100 990 1181 1051 clara
1203 1012 1273 1053 voce

119 1095 270 1175 legentis.

115 1256 119 1269 ‚
173 1202 299 1254 14-18.
319 1195 576 1274 Errpedesemen
589 1216 608 1255 o
622 1216 725 1255 menno
738 1195 901 1276 minimoque
910 1203 1002 1276 poeto,
1017 1193 1079 1256 soil.
1094 1194 1273 1255 utcarmina

122 1304 158 1349 et
181 1292 307 1351 sentent
327 1302 359 1351 et
379 1292 522 1353 recitent!
555 1293 658 1372 (quale
677 1305 721 1354 est
742 1294 817 1353 illud
838 1294 942 1353 Horat.
967 1294 1061 1373 Epist
1085 1292 1127 1359 ll,
1152 1300 1270 1362 1,117.

121 1389 282 1449 Scribimus
296 1390 401 1451 mdeoti
413 1392 536 1472 doctique
544 1400 674 1473 pomula
684 1392 792 1473 possim
803 1397 838 1469 !)
862 1392 950 1472 Ergo,
966 1404 999 1451 ut
1012 1390 1115 1452 eadem
1128 1412 1147 1449 a
1160 1410 1208 1449 me
1220 1411 1272 1449 ex·

94 1562 106 1571 ο
118 1505 247 1570 spectes,
262 1506 297 1553 ut
311 1494 439 1554 munina
452 1494 610 1574 aliquando
630 1497 757 1555 scribere
776 1515 894 1574 possem
907 1507 996 1574 atque
1010 1493 1142 1563 recitare,
1157 1492 1271 1572 etquis

119 1594 283 1655 insanabile
299 1596 437 1656 scribendi
457 1598 594 1668 carmina,
616 1598 765 1675 poetandi,
789 1617 871 1657 nunc
889 1609 970 1657 tenet
989 1608 1034 1655 tot
1056 1591 1200 1665 homines,
1222 1595 1267 1672 (r.

126 1682 332 1779 vl1,'36aeq.
348 1706 387 1758 50
401 1720 461 1778 seq.
476 1710 506 1759 et
525 1720 589 1779 sup.
603 1700 641 1759 ad
655 1720 683 1759 v.
700 1704 740 1780 Ι.)
762 1701 850 1761 mam
870 1721 927 1780 ego
948 1703 994 1776 (et
1014 1718 1073 1773 nos,
1094 1718 1162 1777 que
1181 1698 1271 1758 verba

120 1804 202 1869 &nn
214 1805 405 1881 repetuntur)
426 1814 487 1861 tam
501 1802 766 1863 Grammaticorum
788 1824 877 1882 quam
900 1802 1064 1862 Rhetorum
1078 1799 1191 1861 scholas
1211 1800 1269 1859 fre-

121 1904 263 1984 quentavi
276 1905 431 1983 adspirans
450 1906 489 1965 ad
509 1905 677 1967 facultatem
697 1905 875 1985 laudemque
894 1905 1048 1985 poetieam
1090 1903 1196 1983 Neque
1215 1914 1269 1974 est,

120 2004 201 2082 qnod
214 2003 307 2082 hujus
321 2002 435 2063 consilii
449 2014 629 2083 conatusque
642 2024 690 2063 me
703 2003 855 2083 poeniteat,
871 2002 958 2082 bned
971 2002 1077 2061 charta
1089 2020 1208 2080 parcam
1222 1997 1268 2058 vel

120 2100 225 2180 aliquis
246 2100 275 2159 ei
297 2100 481 2179 pareendum
502 2100 589 2173 dicat,
614 2118 708 2179 quum
728 2100 788 2170 ills,
811 2099 946 2179 quamvis
970 2098 1033 2178 ipse
1052 2117 1112 2157 non
1132 2098 1269 2171 scribam,

120 2201 247 2280 perituro
262 2203 301 2263 sit
315 2204 452 2263 menibus
463 2203 589 2263 aliorum
603 2216 766 2282 poetarum,
788 2222 915 2281 quorum
935 2212 1035 2261 tantus
1055 2212 1101 2261 est
1115 2222 1267 2273 numerus,

129 2318 161 2363 ut
173 2306 269 2365 ubivis
287 2306 319 2364 in
336 2326 386 2365 eos
407 2304 537 2375 incidas;
560 2326 650 2384 quere
670 2305 745 2365 nihil
764 2306 865 2373 refert,
889 2316 990 2363 utrum
1010 2303 1127 2375 horum,
1146 2324 1185 2363 an
1203 2324 1270 2364 mea

128 2426 218 2465 manu
233 2418 338 2485 pereat
365 2408 415 2469 Sic
429 2407 526 2468 omnia
540 2409 616 2467 benc
631 2408 780 2468 cobaerent
792 2416 823 2465 ct
834 2424 895 2463 non
908 2407 1007 2464 minus
1020 2405 1170 2475 modeste,
1180 2426 1267 2484 quam

123 2505 231 2582 lepide
242 2505 366 2565 rationes
380 2526 398 2565 a
410 2506 432 2565 J
433 2504 557 2565 urenale
570 2516 781 2574 memorantur,
795 2503 905 2581 quibus
914 2501 1082 2581 impellatur
1091 2504 1131 2561 ad
1140 2504 1269 2565 carutina

123 2601 285 2663 scribenda
329 2603 435 2682 Neque
449 2600 557 2663 rectius
571 2614 700 2662 mentem
720 2612 815 2680 poete
833 2598 945 2679 cepisse
965 2598 1082 2660 videtur
1102 2598 1266 2673 Heineelse,

126 2707 213 2785 cujus
233 2706 436 2785 interpretatio
454 2716 516 2766 est:
538 2710 614 2775 Quae
627 2723 721 2784 quum
734 2703 775 2762 ita
789 2703 858 2774 sint,
880 2708 976 2782 (ergo,
997 2702 1070 2762 lonc
1082 2701 1117 2762 od
1128 2709 1265 2780 camon)

125 2811 144 2866 i.
156 2829 182 2868 e.
201 2829 296 2887 quum
320 2808 481 2888 sepissime
501 2817 624 2867 vexatus
643 2819 673 2866 et
692 2805 839 2865 cruciatus
853 2803 908 2864 sim
920 2825 939 2864 a
951 2803 1045 2882 poetis
1064 2805 1195 2866 earmina
1214 2827 1267 2866 sua

120 2911 320 2980 recitantibus,
335 2917 428 2988 elego
437 2907 703 2966 Grammaticorum
718 2903 832 2964 scholas
844 2904 1039 2983 frequentavi,
1058 2913 1150 2986 elego
1168 2907 1266 2967 decla·

120 3013 206 3081 mevi,
222 3012 286 3071 scil.
302 3033 339 3070 eo
353 3009 485 3081 consilio,
502 3007 706 3088 utaliquando
719 3008 845 3067 scribere
859 3005 991 3088 illosque,
1006 3007 1057 3084 qui
1070 3006 1266 3068 mihitantum

120 3114 269 3173 festidium
291 3125 476 3183 creaverunt,
497 3111 623 3172 vicissim
638 3131 742 3170 vexare
755 3129 881 3189 possem.
923 3110 965 3168 Ut
985 3107 1042 3166 alia
1062 3116 1182 3177 taccam,
1203 3107 1265 3168 brec

118 3229 147 3276 et
158 3217 314 3295 languent,
329 3216 468 3296 quoniam
482 3215 584 3274 eadem
598 3224 684 3294 pocta
693 3213 761 3293 jam
769 3233 798 3270 v.
815 3220 901 3271 1-3.
915 3210 1042 3280 dixerat,
1056 3221 1087 3268 et
1098 3208 1179 3268 haud
1194 3231 1264 3269 con·

119 3315 239 3374 veniunt
252 3315 352 3374 verbis
365 3313 507 3392 proximis
521 3333 547 3370 v.
566 3320 611 3372 14.
629 3331 689 3372 non
702 3311 781 3370 enim
795 3332 812 3368 a
826 3329 931 3368 sunno
947 3315 1030 3386 poeta
1044 3319 1206 3386 exspectes,
1229 3323 1263 3370 ut

121 3417 287 3476 earminmn
316 3414 484 3476 recitatiom
506 3425 641 3475 te'vexet
663 3425 694 3474 et
715 3413 835 3482 cruciet,
856 3409 909 3469 sed
929 3431 973 3480 eo,
1000 3430 1061 3488 quo
1079 3409 1151 3480 dixi,
1173 3429 1262 3471 sensu

121 3521 211 3580 eodem
224 3531 380 3598 exspectes
391 3540 410 3577 a
423 3537 538 3578 summo
551 3517 731 3594 minimoque
747 3525 843 3592 poeta·
927 3514 1048 3574 Manen
1060 3499 1179 3590 seruire,
1202 3535 1261 3593 qua

125 3621 203 3696 pueri
224 3619 443 3699 percutiuntur,
465 3615 624 3686 subducere,
641 3611 751 3676 locutio
771 3609 970 3690 proverbialis,
991 3620 1026 3671 ut
1045 3610 1131 3671 multi
1144 3623 1259 3690 putant,

157 3823 218 3874 ‘ste
231 3827 288 3874 ione
304 3825 500 3886 molestengit
515 3820 676 3887 191110110-
710 3817 794 3868 Barth.
816 3815 846 3863 ad
867 3814 953 3865 Claud.
972 3813 1037 3864 latrd.
1061 3813 1136 3863 stilic.
1159 3813 1197 3872 ΙΙ,
1217 3821 1258 3864 69.

126 3890 193 3938 dian
213 3891 247 3946 ΙΙ,
260 3897 309 3939 188.
316 3893 396 3958 sregr't
414 3891 521 3940 subsedia
535 3905 604 3938 versu
623 3891 675 3936 Sin·
710 3883 798 3945 Heyne
815 3879 846 3928 ad
864 3881 932 3944 Virg.
953 3881 998 3930 Ge.
1020 3879 1043 3938 l,
1063 3887 1102 3930 49.
1120 3879 1183 3956 ΙΙΙ,
1202 3884 1257 3954 888.

123 3957 173 4003 tias
184 3955 228 4002 ios.
244 3955 301 4006 vn.
313 3963 353 4005 86.
365 3965 514 4018 perorantem
528 3963 549 4002 et
560 3954 676 4001 rhetorico
709 3949 790 3998 Grev.
803 3947 871 3996 lect·
883 3945 986 3994 neem.
1005 3960 1027 3992 c.
1043 3949 1080 3994 111.
1095 3944 1164 4005 Lips-
1179 3943 1256 4004 Epist.

121 4023 203 4069 reddtis
218 4024 332 4083 muniis
347 4024 450 4070 ormione
458 4022 617 4084 frangentem
638 4015 676 4065 Si·
707 4012 738 4062 ad
751 4012 840 4076 Belgas
856 4013 926 4060 cone
947 4011 983 4059 ΙΙ.
1004 4009 1053 4072 Ep.
1071 4013 1111 4056 48.
1127 4016 1153 4056 et
1165 4006 1209 4084 inl
1228 4007 1260 4057 ad

120 4085 174 4132 dem
193 4085 300 4146 Apellin.
320 4087 399 4146 Epist
415 4086 447 4142 V,
463 4091 498 4132 to.
517 4087 612 4146 dignus,
629 4099 674 4145 qno
709 4079 758 4134 ΙΙΙ,
773 4083 828 4128 195.
842 4075 882 4124 sed
893 4086 918 4124 et
930 4075 1021 4139 Koenig
1036 4074 1067 4122 ad
1085 4071 1210 4122 claudian.
1223 4075 1259 4151 Ji,

121 4153 230 4200 reritm
240 4152 492 4214 nepitnmisAtbenni
503 4151 608 4198 ndsellia
618 4163 673 4195 eur·
707 4151 761 4193 198.
781 4143 824 4191 ubi
833 4145 894 4191 bene
905 4140 1032 4196 adnotavit,
1039 4153 1085 4204 Ιιιιιι
1118 4137 1165 4186 nde
1182 4149 1260 4200 potrus

121 4225 170 4263 reta
184 4216 358 4280 (al.eunento)
375 4224 529 4279 quaterentur
545 4213 601 4260 ibid.
623 4211 673 4269 lx,
705 4226 756 4258 essa
771 4209 805 4257 ibi
826 4211 909 4258 lbiton
919 4207 1016 4269 frangit
1038 4218 1085 4250 nan
1103 4217 1119 4249 ο
1136 4215 1259 4279 oquenpt

121 4285 156 4328 ld.
178 4284 341 4346 mmmmm
359 4285 404 4333 ris
416 4283 426 4327 l
438 4281 503 4334 riaen
517 4281 558 4328 tel
571 4279 609 4327 roi
625 4279 674 4341 regi-
706 4275 749 4322 illo
760 4288 832 4321 lenm
846 4288 884 4320 tes
899 4269 997 4334 quidem
1014 4269 1200 4334 sorellipmlu
1210 4270 1259 4316 dtci

119 4367 157 4393 m
172 4350 212 4394 ani
230 4349 271 4399 τῆς
290 4349 391 4409 senapin
406 4345 488 4407 Polyb.
505 4344 565 4402 XV,
576 4349 615 4391 32.
633 4363 674 4394 rst-
707 4351 731 4390 et
741 4341 829 4402 rumpi,
841 4351 889 4386 11011
900 4336 1058 4401 verosmngt',
1074 4335 1198 4382 vetitorum
1214 4351 1259 4381 atr·

118 4413 216 4464 nerim
241 4413 372 4476 ιιιιρμγη
394 4411 470 4477 regim
487 4409 543 4458 ibid.
565 4407 674 4463 xvlu,
707 4417 754 4453 tem
772 4403 860 4453 Juren.
880 4401 945 4458 Vll,
963 4407 1002 4448 86.
1021 4409 1093 4462 atque
1108 4399 1190 4447 Sidon.
1210 4399 1257 4446 bl.

119 4481 156 4532 2⁹,
174 4484 196 4524 9.
219 4478 306 4537 lpum
325 4477 426 4534 inopen
448 4485 473 4524 et
495 4475 546 4538 ἧχι)
571 4471 672 4522 Hesiod.
707 4468 888 4532 explicationem
904 4467 983 4521 aliam,
1000 4464 1138 4514 ameinits
1152 4465 1258 4527 proposi-

120 4541 183 4588 Scut.
208 4542 286 4590 Herc.
307 4557 329 4588 r.
352 4547 409 4589 808.
429 4547 485 4591 ⁴279.
512 4546 566 4588 018.
603 4537 675 4589 Coni-
708 4545 766 4596 um,
778 4533 851 4582 rideri
863 4531 1039 4596 preferendam.
