3100 5250
300 413 365 474 sis
660 413 1052 480 commonuimus

302 582 450 655 Berenice,
472 585 514 661 (v.
537 584 604 644 Ver.
628 586 724 667 Lect.)
752 597 819 666 qun
846 589 947 668 regine
969 587 1099 667 quidem,
1126 585 1178 644 sed
1203 585 1313 643 noma
1332 579 1438 648 fuetib

301 705 428 765 eumque
441 689 478 746 nb
492 687 602 748 incesto
616 689 705 748 fratre
718 689 796 750 dono
808 691 961 770 acceperit
1002 691 1080 749 Nom
1100 687 1236 766 Agrippa
1254 685 1361 764 major,
1383 703 1436 742 Μ

299 784 423 857 Judaeoe,
436 785 513 846 filine
526 788 688 848 Aristobuli
702 800 732 849 et
744 790 899 851 Beronices
917 810 1068 871 neposque
1088 787 1217 848 Herodis
1236 783 1354 863 Magni,
1374 795 1436 841 “⁸⁸

300 881 383 956 filins,
397 883 561 957 Beronices,
575 887 699 948 Marium
713 910 736 948 s.
750 890 934 950 Mariamnen
946 903 976 950 et
989 889 1151 949 Drusillam
1166 877 1433 966 (uxorun'Claudii

300 981 413 1054 Felicis,
434 985 485 1064 qui
499 986 588 1046 frater
606 987 665 1047 fuit
683 988 836 1069 Pallantis)
856 990 970 1061 hebuit,
989 1007 1142 1067 unumque
1161 983 1256 1046 filium
1274 983 1434 1066 Agrippam
1494 978 1495 981 ¹

298 1082 440 1144 minorem
453 1105 475 1146 e
485 1087 644 1166 juniorem,
664 1087 802 1148 ultimum
814 1090 834 1150 J
836 1090 986 1150 udoeorum
999 1110 1108 1168 regem,
1127 1089 1180 1167 qui
1192 1085 1321 1146 multum
1332 1095 1434 1142 aucto-

298 1183 384 1244 ritate
400 1186 481 1263 apud
495 1185 651 1247 cundiam
673 1189 748 1268 Imp.
769 1190 872 1261 valuit,
892 1211 1038 1271 quemque
1056 1190 1184 1249 incestus
1202 1207 1270 1246 cum
1291 1185 1433 1242 Berenice
1494 1178 1495 1195 ¹

296 1301 394 1343 sorore
413 1287 557 1346 commissi
578 1300 746 1367 suspectum
765 1289 856 1350 inisse
874 1302 906 1350 et
923 1301 1100 1359 accusatum,
1121 1297 1264 1347 memorat
1281 1281 1430 1362 Joeephus

298 1383 371 1442 Ant.
389 1383 461 1443 Jud.
481 1384 532 1446 lib.
553 1387 591 1446 X·
604 1408 634 1466 p.
647 1386 717 1456 673.
738 1389 818 1448 unde
835 1401 978 1468 proteres
1000 1389 1148 1458 discimus,
1169 1387 1247 1446 hunc
1267 1383 1429 1444 Bermicm

294 1483 424 1562 primum
439 1485 562 1556 Herodi,
576 1498 681 1566 patruo
694 1509 757 1563 eno,
772 1488 879 1549 deinde
893 1489 1052 1558 Polemoni,
1065 1488 1129 1566 regi
1143 1485 1274 1555 Pontico,
1293 1484 1428 1563 nupsisse

296 1587 399 1668 bisque
412 1589 501 1648 fnisse
516 1588 625 1660 Rome,
640 1601 674 1651 ut
688 1590 789 1651 Titum
803 1593 946 1652 cesarem
965 1611 1064 1652 amore
1084 1592 1292 1649 inflammaret:
1314 1587 1353 1645 de
1372 1604 1429 1666 quo

296 1711 325 1749 v·
346 1689 492 1751 Dodwell.
513 1691 620 1750 Annei.
636 1692 760 1780 Quintil.
775 1693 791 1770 ἦ
809 1696 889 1754 18.“
929 1696 1019 1755 Poeta
1038 1705 1135 1754 autem
1154 1693 1184 1751 h.
1205 1693 1226 1752 l.
1246 1691 1337 1751 verbs
1356 1689 1428 1748 isne

295 1789 370 1852 dedit
384 1788 415 1849 in
428 1791 534 1850 effectu
546 1791 672 1872 repetiit,
687 1803 718 1852 et
726 1787 881 1873 jungendo
895 1807 964 1854 sunt
978 1793 1118 1860 burburus
1130 1789 1259 1872 Agrippa
1271 1803 1303 1851 et
1314 1792 1427 1851 inceste

295 1894 392 1956 sorori.
409 1883 413 1890 ’
435 1883 571 1972 Plerique
584 1893 679 1974 intpp.
692 1915 845 1976 perperam
858 1896 887 1955 h.
901 1896 921 1954 l.
934 1896 981 1955 vel
994 1897 1079 1955 sliam
1093 1897 1176 1954 innui
1187 1904 1287 1974 putent
1299 1893 1427 1952 Bereni-

295 2017 350 2058 cen
362 1994 512 2073 utumque
528 1994 702 2074 Agrippam,
723 1995 805 2071 (uam
825 1995 925 2075 plures
944 1994 1097 2075 utriusque
1116 1994 1236 2054 nominis
1254 1993 1351 2073 fuere)
1373 1994 1426 2054 vel

295 2099 437 2162 tinnulum
458 2095 606 2176 duplicem
629 2095 779 2158 Berenice
797 2119 816 2157 ιι
834 2097 950 2158 duobus
974 2098 1085 2169 datum,
1106 2098 1228 2158 alterum
1249 2118 1269 2155 n
1288 2098 1423 2168 tartaro,

295 2198 425 2270 Herode,
440 2196 504 2276 ejus
516 2207 622 2276 patruo
635 2207 665 2257 et
677 2198 790 2269 merito,
805 2197 852 2258 vel
867 2197 1023 2258 Ptolemoeo
1033 2197 1217 2276 Philadelphi
1230 2196 1290 2256 filio
1300 2198 1425 2277 ejusque

293 2303 399 2364 marito
411 2320 446 2361 ec
458 2301 558 2372 fratrc,
572 2298 698 2360 alterum
709 2302 746 2360 ab
760 2301 890 2381 Agrippa
903 2301 993 2361 fratre
1006 2301 1092 2361 illius.
1173 2300 1303 2360 Barbari
1313 2299 1424 2362 Grecis

294 2409 466 2468 dicebantur
478 2404 637 2484 peregrini,
652 2405 703 2484 qui
716 2404 797 2464 hund
811 2403 917 2474 Greci,
931 2401 1080 2474 Romanis,
1101 2404 1151 2485 qni
1163 2423 1219 2464 nec
1233 2403 1356 2462 Romani
1370 2423 1424 2463 nec

294 2509 392 2569 Graeci
406 2518 496 2567 erent.
577 2507 696 2580 incesta,
712 2527 739 2566 v.
753 2507 792 2566 od
805 2507 860 2578 1v,
874 2515 954 2577 9.-
967 2514 1033 2577 159.
1047 2507 1104 2578 ott,
1117 2508 1146 2566 h.
1161 2527 1189 2567 e.
1200 2507 1232 2566 in
1245 2507 1360 2579 Judaee,
1372 2509 1423 2568 ubi

291 2607 441 2689 ipsineges
453 2625 536 2675 mm,
550 2622 625 2683 puro
638 2625 672 2666 nc
686 2606 774 2679 nudo,
796 2605 877 2690 (quae
896 2619 993 2668 tamen
1007 2608 1086 2669 vocis
1106 2607 1280 2687 significatio
1297 2607 1424 2669 insolens

291 2713 350 2790 est)
361 2710 434 2789 pede
444 2708 562 2768 sabbata
575 2708 814 2787 obeermntfista,
828 2711 902 2771 festu
914 2722 1008 2790 agunt
1020 2732 1042 2771 n
1057 2710 1211 2771 celebrant
1247 2711 1327 2770 Nem
1338 2712 1422 2771 Joee-

290 2808 369 2888 phos
387 2806 459 2867 Bell.
473 2806 545 2867 Jud.
560 2806 602 2877 ll,
619 2812 664 2866 15.
678 2817 708 2865 et
721 2806 912 2887 Hegesippus
925 2806 999 2868 Bell.
1012 2809 1083 2869 Jud.
1096 2808 1147 2866 lio
1163 2807 1205 2865 11.
1219 2806 1353 2877 madunt,
1366 2807 1422 2867 Be·

288 2906 407 2993 renicen
420 2903 562 2983 reginam,
582 2903 726 2983 Agrippae
746 2906 823 2982 regis
843 2924 980 2975 sororem,
1000 2919 1035 2965 nt
1048 2904 1115 2963 Deo
1134 2914 1202 2963 vote
1222 2902 1349 2963 solveret
1365 2923 1423 2982 pm

290 3010 392 3079 solute,
416 3005 650 3086 Hierosolymam
670 3005 784 3065 venisse
802 3026 837 3066 ac
856 3025 912 3087 pro
932 3026 1014 3066 more
1032 3004 1135 3066 hostiis
1154 3007 1236 3067 caeeis
1250 3005 1423 3085 cepdiisque

289 3110 399 3171 derasis
418 3106 597 3187 nudipedem
610 3117 675 3167 tum
688 3126 768 3166 secra
781 3107 893 3179 fecisse,
911 3118 975 3168 tum
995 3122 1063 3168 ante
1081 3106 1211 3168 miruml
1230 3108 1320 3179 Festi,
1343 3108 1423 3167 Pus·

289 3209 360 3269 sidis
374 3210 476 3288 Syrioe,
490 3208 581 3268 atroci
594 3206 674 3267 code
687 3206 719 3264 in
731 3206 852 3267 Judaeos
865 3208 1019 3278 saevientis,
1040 3208 1161 3279 stetisse,
1177 3220 1211 3268 nt
1222 3227 1278 3288 pro
1289 3207 1339 3267 his
1350 3228 1423 3286 sup·

287 3306 417 3387 plicaret.
459 3309 505 3369 Eo
517 3307 677 3387 respexisse
690 3307 807 3367 videtur
820 3318 906 3386 poeta
925 3307 956 3368 h.
969 3307 989 3366 l.
1009 3307 1061 3366 ubi
1080 3306 1174 3367 obiter
1193 3307 1315 3368 Judaeoe
1332 3308 1421 3367 ritus-

289 3390 347 3485 que
361 3426 462 3465 eorum
475 3404 560 3467 ridet.
600 3407 779 3479 ’Δνυπιδησίαι
791 3407 839 3467 vel
852 3405 1040 3486 nudipedalia
1052 3408 1084 3465 iu
1097 3409 1184 3467 sacris
1203 3420 1274 3467 msc
1293 3406 1421 3487 populo·

286 3524 365 3577 rum,
388 3506 441 3582 (cf.
457 3526 484 3563 v.
500 3512 567 3565 525.
580 3517 610 3565 et
624 3509 748 3569 Casnub.
768 3508 806 3566 ed
827 3507 907 3568 Suet.
921 3507 1002 3585 Aug.
1018 3507 1099 3584 100.)
1120 3506 1195 3585 inpr.
1210 3506 1420 3577 Hebmomm,

158 3606 172 3633 ⁸
286 3608 318 3669 in
337 3607 422 3686 gravi
441 3606 524 3667 luctu
545 3607 592 3667 vel
612 3610 693 3671 statis
712 3610 834 3690 jejuniis
853 3624 883 3669 ct
903 3630 994 3691 quum
1014 3620 1082 3669 vota
1101 3608 1290 3679 solverentur,
1312 3611 1420 3669 usimts

285 3713 384 3781 fnisse,
406 3710 457 3770 sed
469 3710 491 3770 J
492 3710 644 3771 uvenalem
658 3712 839 3791 ignoratione
851 3713 871 3773 J
873 3712 1042 3771 udaioorum
1062 3711 1173 3770 rituum
1186 3730 1252 3769 eam
1264 3712 1298 3770 in
1310 3731 1420 3791 genere

285 3812 324 3873 ed
337 3810 453 3872 sabbata
466 3808 607 3883 retulisse,
628 3812 675 3871 vel
687 3812 743 3872 hoc
756 3830 828 3872 voce
841 3812 1016 3892 significasse
1026 3810 1147 3891 jejunia,
1167 3811 1284 3889 copiose
1302 3824 1336 3873 et
1354 3834 1420 3873 eru·

317 3994 335 4025 ⁴¹
348 3994 388 4041 Dc
406 3993 514 4057 Agrippi
529 3994 618 4059 majore
628 4007 649 4041 v.
660 3994 758 4056 Joseph.
774 3996 832 4043 Ant.
869 3992 919 4041 Dio
937 3994 1002 4042 cm
1019 4005 1043 4054 p.
1058 3994 1114 4040 ⁷52
1133 3993 1190 4041 Tne.
1207 3997 1275 4040 Anu.
1291 3992 1360 4049 ΧΠ,
1378 3998 1419 4042 28.

285 4056 346 4107 Jud.
366 4056 564 4115 xv111,1-s
586 4058 664 4113 xlx,
684 4066 721 4107 tr.
739 4075 763 4121 p
777 4066 833 4109 6³8.
868 4058 1036 4119 X111‚r.st
1056 4056 1121 4105 nie.
1142 4058 1182 4115 11,
1199 4063 1240 4106 ⁸1.
1264 4058 1295 4112 V,
1318 4064 1341 4106 Ι.
1359 4060 1419 4105 Act.

286 4127 334 4169 6⁴2
345 4138 392 4185 req.
407 4128 455 4171 670
465 4138 512 4186 seq.
529 4125 584 4172 Aet.
600 4124 683 4185 Apoet.
698 4124 765 4171 xll.
781 4125 835 4186 <ubi
869 4127 952 4183 Apoce
964 4123 1087 4170 XXV.et
1099 4124 1203 4171 xxv1.
1227 4122 1300 4171 Coos.
1315 4122 1426 4171 Noldius

290 4186 393 4235 Herodes
409 4187 506 4248 dicitur)
528 4188 579 4237 Dio
596 4188 661 4236 cm.
680 4188 738 4242 Lx,
759 4192 795 4237 tr.
808 4205 832 4250 p
866 4186 1343 4250 dcvitcetgestisllerodumedonlcem
1352 4189 1423 4249 Opp.

286 4254 343 4295 545.
355 4258 445 4299 et607.
458 4252 534 4301 Mem.
549 4253 579 4301 de
590 4252 684 4299 i'Ated.
698 4253 740 4299 dus
758 4254 832 4301 inser.
867 4252 966 4314 Joscphi
983 4254 1021 4300 ed.
1039 4252 1144 4300 Havete.
1167 4254 1197 4301 Τ.
1218 4252 1256 4300 11.
1277 4268 1300 4313 p.
1320 4259 1380 4300 m.
1399 4265 1425 4299 et

288 4312 318 4359 Τ.
330 4312 407 4359 xlx.
420 4330 442 4374 p
457 4322 504 4365 ⁴28
524 4320 553 4365 T.
568 4317 644 4364 xxt.
658 4332 679 4377 p.
690 4322 737 4367 t¹89
748 4334 796 4381 req.
805 4319 836 4365 de
869 4316 1089 4365 &himmerium
1101 4318 1133 4366 N.
1144 4317 1173 4366 Τ.
1187 4332 1238 4365 roc.
1250 4319 1389 4383 'duim
1400 4330 1426 4365 et

281 4376 376 4440 juniore
383 4378 479 4441 Just-ph.
490 4382 505 4429 l.
520 4398 541 4431 c.
554 4398 578 4445 p.
591 4388 647 4432 679.
659 4387 713 4431 683.
726 4390 775 4433 690
785 4400 833 4446 ecq-
866 4382 970 4448 ‘Quian
