3100 5250
420 501 471 567 ΙΝ
492 500 656 569 JUVEN.
681 504 779 570 SAT.
804 503 882 569 VII.
1145 507 1210 567 3111

74 692 145 732 sum.
158 674 168 709 ¹
258 674 373 735 desertis
387 674 549 758 Aganippes
561 678 688 750 uallibus,
702 679 798 739 missis
811 676 923 746 studiis,¹
939 676 1036 735 valere
1047 676 1137 755 jussis
1149 678 1219 735 Mn-

76 772 120 841 ris,
136 790 211 850 quae
225 784 445 834 commorantur
458 776 489 834 in
504 776 622 837 uallibus
634 778 767 838 solitariis
780 788 811 837 et
823 775 945 836 amoenis
965 775 1125 835 recessibus
1137 775 1220 835 Heli-

73 872 162 933 conis·
209 874 298 934 Coni-
318 875 361 933 ad*
374 896 402 933 v.
425 882 452 936 8.
494 878 643 959 Aganippe
663 879 728 939 fons
752 879 903 938 Heliconis
924 876 955 935 in
978 875 1101 946 Boeotia,
1124 878 1219 935 Musis

74 970 191 1029 sacer-¹
291 970 350 1031 Clio
362 978 420 1031 una
433 994 450 1032 e
463 974 569 1045 Musis,
582 975 611 1033 b.
626 974 645 1033 l.
660 975 745 1035 docte
758 995 813 1053 pro
826 985 921 1052 poeta.
1011 970 1041 1029 iu
1054 970 1130 1029 dria
1143 971 1218 1031 divi·

72 1081 142 1129 tum
155 1072 372 1152 nobiliumque,¹
389 1076 421 1133 in
434 1075 543 1154 quibus
557 1076 676 1137 clientes
689 1088 846 1156 patronum
860 1074 994 1144 salumn,
1015 1072 1062 1133 vel
1075 1073 1219 1152 sportulas

73 1179 186 1245 petere
201 1180 232 1231 et
246 1169 375 1250 accipere
393 1171 526 1233 solebant
536 1195 545 1244 ;
567 1174 646 1235 unde
666 1174 779 1234 Bahrdt
797 1192 857 1233 non
875 1171 951 1232 male
969 1170 1098 1230 reddidit
1119 1170 1218 1231 Germ·

73 1269 326 1329 rrrrtrisharubrru.³

116 1372 230 1433 8-16.
254 1372 286 1433 Si
301 1374 400 1435 studio
413 1376 564 1438 literarm
577 1388 609 1439 et
622 1380 745 1459 poetica
757 1399 818 1439 non
832 1398 935 1457 parare
948 1376 1051 1457 poesia
1072 1397 1139 1457 quae
1152 1398 1221 1455 sup-

77 1468 212 1547 peditent
224 1472 263 1530 ad
277 1473 401 1546 victum,
416 1478 505 1537 satim
518 1488 572 1549 est,
586 1478 766 1557 preconium
780 1479 877 1538 facere
886 1488 917 1536 et
926 1488 987 1536 tam
997 1475 1048 1536 vili
1062 1476 1221 1534 ministerio

81 1572 174 1632 vitam
186 1572 377 1654 inopiamque
387 1578 520 1649 tolerare,
532 1600 621 1660 quem
631 1601 685 1659 per
697 1580 864 1641 inhonestas
872 1591 903 1639 ct
912 1578 1003 1639 malas
1016 1589 1093 1637 artes
1105 1577 1222 1635 divitias

83 1692 224 1753 querere.
320 1678 356 1737 Si
376 1680 428 1738 tihi
446 1683 607 1741 ostendatur
632 1682 722 1743 nullus
743 1683 895 1763 quadrans,
919 1700 958 1739 ne
976 1700 1075 1759 parve
1099 1679 1221 1757 quidem

84 1772 227 1839 mercedis
239 1794 315 1853 epea
359 1776 522 1847 Quadrom,
547 1779 688 1857 exiguum
706 1780 791 1838 numi
813 1797 916 1856 genus,
939 1775 1129 1855 qunrts'pars
1141 1774 1221 1833 assis»

84 1884 142 1932 tres
156 1875 259 1946 ende,
273 1878 356 1937 unde
371 1890 400 1955 et
415 1879 554 1938 teruncius
568 1900 589 1938 s.
603 1879 720 1938 trium
733 1878 848 1938 dicitur.
947 1875 1062 1945 Umbra,
1084 1874 1144 1934 vita
1156 1894 1222 1934 um-

84 1972 202 2045 bratilis,
217 1976 345 2035 obseura
357 1974 535 2055 ignobilitas,
550 1978 599 2055 (ut
608 1976 644 2037 el.
656 1998 709 2035 uon
724 1988 754 2037 et
767 1976 898 2052 tenebre)
914 1974 1023 2044 Pierio,
1031 1973 1222 2041 eruditorum,

87 2073 132 2133 vel
143 2086 220 2135 artes
231 2077 381 2156 ingenuae,
396 2100 463 2157 quae
477 2079 507 2137 in
521 2079 629 2149 umbro,
649 2079 678 2137 h.
692 2099 718 2137 e.
732 2078 816 2137 domi
829 2088 860 2137 et
872 2076 903 2135 in
917 2076 1025 2144 schola,
1045 2075 1151 2135 sivein
1162 2074 1224 2133 otio

88 2184 119 2233 et
129 2174 347 2253 tranquillitate,
368 2187 545 2250 nocentum
567 2176 647 2237 unde
667 2178 761 2237 doctor
780 2175 951 2234 umbraticas
963 2195 1011 2253 ap.
1026 2174 1141 2233 Petron.
1153 2193 1180 2231 c.
1194 2180 1223 2232 2·

90 2270 145 2351 qni
156 2274 275 2333 obscure
284 2275 317 2333 in
330 2275 430 2335 schole
443 2276 526 2347 vivit,
542 2288 573 2338 et
585 2258 766 2337 eruditorum
780 2273 890 2343 umbra,
903 2272 1076 2341 umbraculo,
1090 2269 1223 2328 umbrati·

89 2356 129 2432 lis
139 2375 293 2436 metue
306 2388 337 2437 et
349 2377 443 2448 diam,
463 2398 531 2457 quae
544 2378 605 2448 reli,
624 2377 735 2456 pulveri
747 2387 779 2436 et
791 2375 872 2447 aciei,
893 2374 923 2435 b.
936 2395 962 2434 e.
983 2371 1225 2434 administrationi

89 2472 211 2552 reipubl.
222 2476 410 2556 publicisque
422 2478 548 2557 negotiis
560 2500 579 2537 a
593 2477 733 2545 Cicerone
753 2486 952 2555 opponuntur,
973 2475 1068 2553 (Mur.
1084 2481 1131 2532 14.
1151 2474 1226 2551 Lege

91 2572 149 2643 111,
162 2571 190 2635 6.
204 2573 260 2636 Or.
276 2575 301 2649 l,
315 2584 364 2637 34.
385 2588 417 2638 et
437 2578 520 2639 Brut.
541 2580 584 2658 9.)
606 2588 641 2637 ut
660 2575 799 2637 causidici
818 2573 870 2634 inf.
884 2594 913 2633 v.
930 2580 987 2634 105
1001 2592 1061 2653 aeq.
1081 2573 1225 2634 historicis

89 2677 189 2738 mua
200 2680 390 2758 gaudentibus.
433 2683 517 2743 Cous.
538 2683 576 2742 cd
597 2701 624 2742 v.
648 2680 714 2741 156.
755 2680 806 2739 Sic
818 2689 849 2739 et
861 2678 913 2738 inf.
927 2700 955 2738 r.
973 2686 1039 2745 173.
1051 2679 1092 2738 od
1100 2699 1225 2758 pugnare

90 2777 234 2838 rhetorico
252 2779 386 2840 desoerrdit
406 2782 443 2841 ab
463 2781 571 2853 umbro,
591 2781 623 2841 h.
638 2802 664 2841 e.
677 2803 696 2840 a
709 2779 770 2840 vita
783 2781 906 2839 obscura
918 2789 949 2838 et
961 2777 1138 2850 scholastica,
1159 2799 1225 2857 quaa

90 2879 180 2939 fame
191 2892 222 2941 et
234 2880 409 2943 celebritatis
421 2903 526 2964 expers
537 2895 592 2956 est,
613 2886 652 2943 ad
666 2885 773 2953 sorum,
788 2881 835 2942 vel
846 2903 865 2941 a
878 2881 1145 2950 declamationibus,
1165 2883 1185 2938 i.
1198 2902 1228 2958 e,

89 2985 277 3058 orationibus,
299 2986 338 3046 de
359 2987 448 3047 nebus
462 2987 536 3047 lictis
550 2987 582 3046 in
596 2986 695 3047 schola
709 2985 929 3070 ‘exercitationis
948 3005 1035 3044 causa
1052 2983 1168 3053 habitis,
1188 2983 1227 3040 ad

90 3103 187 3144 (ansas
199 3085 323 3164 publice
336 3089 367 3146 et¹
379 3087 410 3146 in
423 3087 488 3147 loro
500 3087 637 3166 agendae,
653 3087 700 3147 vel
713 3086 752 3146 ad
764 3086 909 3145 orationes
921 3083 953 3142 in
965 3082 1156 3144 concionibus
1174 3081 1226 3139 ba·

91 3187 215 3260 bendss3
235 3187 409 3268 metaphora
423 3189 510 3250 simul
525 3201 620 3250 sumta
639 3191 677 3250 ab
697 3189 842 3250 exerdtiis
861 3188 1044 3255 militaribus,
1065 3207 1140 3265 quae‘
1151 3184 1228 3244 veris

88 3289 231 3370 jurisque
248 3289 359 3370 pugnis
377 3300 573 3370 opponuntur.
615 3289 675 3350 Sed
695 3301 816 3369 propter
834 3287 927 3366 epith.
944 3284 1041 3345 Pieria
1052 3283 1228 3345 crediderim

93 3389 197 3467 puna
208 3400 331 3469 poetam
343 3389 374 3449 lu
388 3388 406 3447 l.
420 3391 581 3469 respexisse
593 3399 687 3460 antra,
701 3408 830 3458 nemora,
844 3387 949 3454 fontes,
970 3384 1085 3443 enirm
1095 3394 1127 3444 et
1137 3403 1228 3444 amre·

94 3505 151 3547 nos
166 3487 363 3570 mlibrbrsqne
383 3509 512 3552 recessus
531 3491 676 3551 montium
696 3490 791 3552 Musis
810 3506 969 3557 sacrorum,
991 3506 1018 3544 r.
1032 3506 1057 3545 c.
1072 3485 1229 3546 Pierioein

96 3585 277 3661 Maoedonia,
289 3591 343 3650 ubi
356 3590 489 3652 homines
499 3591 580 3652 docti
591 3602 622 3651 et
635 3590 710 3670 inpr.
724 3597 820 3668 poetae
839 3607 908 3647 cum
927 3587 1023 3647 Muris
1036 3586 1144 3647 versari
1161 3605 1229 3645 sen-

96 3711 208 3770 susque
228 3685 397 3754 excelsiores
417 3694 570 3773 eoncipere
588 3694 791 3755 credebantur.
832 3691 968 3750 Confied
983 3709 1010 3750 r.
1025 3691 1053 3751 6.
1068 3697 1179 3758 511511
1197 3698 1231 3748 et

95 3797 194 3874 impp.
208 3795 305 3856 Horat.
321 3798 380 3860 Od.
392 3797 434 3868 11,
452 3805 480 3870 1,
494 3805 542 3867 39.
553 3797 613 3868 ΙΙΙ,
628 3803 657 3867 4,
673 3803 721 3855 40.
735 3829 775 3844 -
786 3802 817 3864 9.
831 3793 980 3854 Maclraera
993 3803 1090 3872 potest
1101 3811 1164 3851 esse
1176 3809 1231 3848 no·

93 3917 167 3958 men
187 3897 235 3958 vel
252 3899 403 3980 pmconis,
427 3899 485 3960 illis
503 3901 579 3960 sorte
598 3898 780 3978 temporibus
799 3897 871 3966 noti,
893 3898 932 3955 ob
951 3915 1042 3974 seqq„
1055 3894 1113 3963 vel,
1127 3905 1163 3952 ut
1180 3889 1232 3950 ulii

92 4009 213 4078 pauet,
225 3999 354 4079 parasiti,
370 4011 405 4060 nt
417 4002 480 4062 luec
493 4001 583 4059 verba
594 3999 634 4059 ad
647 4017 675 4058 v.
690 4005 718 4066 7.
732 3995 889 4076 etreliqua
907 3996 1012 4054 nendos
1020 3992 1115 4074 polim
1126 4004 1182 4052 cet.
1193 3989 1234 4049 ad

119 4161 127 4190 ¹
141 4163 219 4213 esur.
234 4161 356 4223 111,157.
369 4164 471 4212 Casaub.
484 4161 515 4212 sd
527 4163 647 4226 'lbeophn
684 4159 752 4210 Edit.
767 4161 828 4209 Ern.
842 4159 873 4207 T.
888 4158 909 4207 Ι.
920 4173 943 4220 p.
957 4161 1013 4206 560.
1036 4155 1137 4205 Pansae.
1153 4154 1230 4202 nme

90 4227 171 4352 pm.
183 4227 236 4342 gr.
255 4243 281 4290 μ
302 4231 356 4278 ree.
380 4227 485 4278 Mente.
506 4227 538 4288 V,
556 4233 598 4288 er,
612 4233 650 4276 11.
683 4242 708 4349 ἓ.
717 4231 760 4342 ἐξ.
770 4235 796 4275 a
808 4225 883 4288 intpp
904 4222 977 4285 Ρωμ
992 4221 1031 4279 11,
1046 4227 1083 4278 ιο,
1094 4225 1135 4268 ss.
1146 4224 1186 4268 se.
1198 4217 1229 4267 ιι

117 4361 128 4391 ¹
145 4357 234 4409 Senot
255 4367 339 4408 venui
366 4364 382 4390 ‘¹
403 4358 564 4408 Callimachus
586 4358 649 4414 dicit,
714 4357 809 4408 'Confi
825 4372 848 4403 r.
862 4360 901 4405 91.
920 4363 945 4402 et
960 4351 1025 4410 adl,
1037 4355 1077 4402 95.
1094 4343 1231 4399 96.1{onr.

91 4421 180 4473 ionem
200 4437 255 4471 ease
276 4422 536 4474 ammirandum
571 4423 609 4473 lte
627 4433 651 4472 et
684 4423 763 4486 Epist.
775 4423 798 4480 1,
809 4427 884 4479 5,3t.
902 4420 965 4482 inpr.
984 4417 1090 4466 Manisl.
1107 4415 1128 4475 l,
1144 4419 1185 4474 71,
1204 4419 1234 4465 12

92 4487 211 4540 1ωά
229 4487 299 4554 virg.
319 4488 374 4544 Eri.
395 4489 428 4536 X.
467 4489 538 4539 coni.
553 4489 647 4542 celim.
682 4505 730 4556 seq.
744 4488 886 4560 callista,
901 4491 939 4540 lt·
954 4489 992 4534 12
