<?xml version="1.0" encoding="UTF-8"?>
<!DOCTYPE html PUBLIC "-//W3C//DTD XHTML 1.0 Transitional//EN"
    "http://www.w3.org/TR/xhtml1/DTD/xhtml1-transitional.dtd">
<html xmlns="http://www.w3.org/1999/xhtml" xml:lang="en" lang="en">
 <head>
  <title>
</title>
<meta http-equiv="Content-Type" content="text/html;charset=utf-8" />
  <meta name='ocr-system' content='tesseract 3.04.00' />
  <meta name='ocr-capabilities' content='ocr_page ocr_carea ocr_par ocr_line ocrx_word'/>
</head>
<body>
  <div class='ocr_page' id='page_1' title='image "./djuniijuvenalis02persgoog_0186.png"; bbox 0 0 3100 5250; ppageno 0'>
   <div class='ocr_carea' id='block_1_1' title="bbox 454 415 1232 486">
    <p class='ocr_par' dir='ltr' id='par_1_1' title="bbox 454 415 1232 486">
     <span class='ocr_line' id='line_1_1' title="bbox 454 415 1232 486; baseline 0.003 -7"><span class='ocrx_word' id='word_1_1' title='bbox 454 415 506 480; x_wconf 91' lang='lat' dir='ltr'>IN</span> <span class='ocrx_word' id='word_1_2' title='bbox 529 416 693 482; x_wconf 83' lang='lat' dir='ltr'>IUVEN.</span> <span class='ocrx_word' id='word_1_3' title='bbox 720 417 820 486; x_wconf 87' lang='lat' dir='ltr'>SAT.</span> <span class='ocrx_word' id='word_1_4' title='bbox 847 417 885 480; x_wconf 85' lang='lat' dir='ltr'>V.</span> <span class='ocrx_word' id='word_1_5' title='bbox 1175 422 1232 481; x_wconf 84' lang='grc'><strong>183</strong></span> 
     </span>
    </p>
   </div>
   <div class='ocr_carea' id='block_1_2' title="bbox 86 587 1232 1074">
    <p class='ocr_par' dir='ltr' id='par_1_2' title="bbox 86 587 1232 1074">
     <span class='ocr_line' id='line_1_2' title="bbox 89 587 1230 670; baseline 0.005 -24"><span class='ocrx_word' id='word_1_6' title='bbox 89 608 155 647; x_wconf 79' lang='lat' dir='ltr'>mc</span> <span class='ocrx_word' id='word_1_7' title='bbox 166 588 211 646; x_wconf 88' lang='lat' dir='ltr'>ad</span> <span class='ocrx_word' id='word_1_8' title='bbox 222 589 396 668; x_wconf 76' lang='lat' dir='ltr'>repentinae</span> <span class='ocrx_word' id='word_1_9' title='bbox 408 609 512 649; x_wconf 76' lang='lat' dir='ltr'>verena</span> <span class='ocrx_word' id='word_1_10' title='bbox 531 599 596 650; x_wconf 79' lang='grc'><strong>182.</strong></span> <span class='ocrx_word' id='word_1_11' title='bbox 618 587 744 662; x_wconf 72' lang='lat' dir='ltr'>diuitias,</span> <span class='ocrx_word' id='word_1_12' title='bbox 766 611 858 670; x_wconf 92' lang='lat' dir='ltr'>quum</span> <span class='ocrx_word' id='word_1_13' title='bbox 873 591 969 669; x_wconf 84' lang='lat' dir='ltr'>potius</span> <span class='ocrx_word' id='word_1_14' title='bbox 984 593 1039 650; x_wconf 84' lang='lat' dir='ltr'>sub</span> <span class='ocrx_word' id='word_1_15' title='bbox 1053 593 1111 670; x_wconf 78' lang='lat' dir='ltr'>ipse</span> <span class='ocrx_word' id='word_1_16' title='bbox 1126 593 1230 654; x_wconf 79' lang='lat' dir='ltr'>Intelli-</span> 
     </span>
     <span class='ocr_line' id='line_1_3' title="bbox 86 690 1230 772; baseline 0.004 -23"><span class='ocrx_word' id='word_1_17' title='bbox 86 690 201 768; x_wconf 77' lang='lat' dir='ltr'>gendos</span> <span class='ocrx_word' id='word_1_18' title='bbox 217 691 259 751; x_wconf 87' lang='lat' dir='ltr'>ait</span> <span class='ocrx_word' id='word_1_19' title='bbox 270 691 395 771; x_wconf 69' lang='lat' dir='ltr'>putoria</span> <span class='ocrx_word' id='word_1_20' title='bbox 409 712 434 750; x_wconf 91' lang='lat' dir='ltr'>e.</span> <span class='ocrx_word' id='word_1_21' title='bbox 448 694 573 753; x_wconf 80' lang='lat' dir='ltr'>maritus</span> <span class='ocrx_word' id='word_1_22' title='bbox 587 692 718 772; x_wconf 71' lang='lat' dir='ltr'>Mycalen</span> <span class='ocrx_word' id='word_1_23' title='bbox 731 693 870 772; x_wconf 85' lang='lat' dir='ltr'>idemque</span> <span class='ocrx_word' id='word_1_24' title='bbox 884 693 1023 753; x_wconf 80' lang='lat' dir='ltr'>Virronia&#39;</span> <span class='ocrx_word' id='word_1_25' title='bbox 1036 693 1135 764; x_wconf 85' lang='lat' dir='ltr'>eliens,</span> <span class='ocrx_word' id='word_1_26' title='bbox 1158 717 1230 754; x_wconf 71' lang='lat' dir='ltr'>atavae</span> 
     </span>
     <span class='ocr_line' id='line_1_4' title="bbox 87 795 1230 876; baseline 0.007 -26"><span class='ocrx_word' id='word_1_27' title='bbox 87 804 182 852; x_wconf 82' lang='lat' dir='ltr'>artem</span> <span class='ocrx_word' id='word_1_28' title='bbox 199 795 271 853; x_wconf 75' lang='lat' dir='ltr'>aim</span> <span class='ocrx_word' id='word_1_29' title='bbox 283 795 376 854; x_wconf 89' lang='lat' dir='ltr'>dubio</span> <span class='ocrx_word' id='word_1_30' title='bbox 387 795 423 852; x_wconf 88' lang='lat' dir='ltr'>ad</span> <span class='ocrx_word' id='word_1_31' title='bbox 435 806 610 873; x_wconf 72' lang='lat' dir='ltr'>praesentem</span> <span class='ocrx_word' id='word_1_32' title='bbox 625 797 762 874; x_wconf 86' lang='lat' dir='ltr'>pauperia</span> <span class='ocrx_word' id='word_1_33' title='bbox 778 796 889 856; x_wconf 85' lang='lat' dir='ltr'>clientis</span> <span class='ocrx_word' id='word_1_34' title='bbox 898 796 1095 856; x_wconf 83' lang='lat' dir='ltr'>conditionem</span> <span class='ocrx_word' id='word_1_35' title='bbox 1110 811 1230 876; x_wconf 79' lang='lat' dir='ltr'><strong>spectet.</strong></span> 
     </span>
     <span class='ocr_line' id='line_1_5' title="bbox 87 897 1232 980; baseline 0.003 -24"><span class='ocrx_word' id='word_1_36' title='bbox 87 897 201 956; x_wconf 71' lang='lat' dir='ltr'>&amp;naus</span> <span class='ocrx_word' id='word_1_37' title='bbox 215 897 326 958; x_wconf 85' lang='lat' dir='ltr'>obviua</span> <span class='ocrx_word' id='word_1_38' title='bbox 338 910 381 957; x_wconf 81' lang='lat' dir='ltr'>eat</span> <span class='ocrx_word' id='word_1_39' title='bbox 392 909 420 956; x_wconf 91' lang='lat' dir='ltr'>et</span> <span class='ocrx_word' id='word_1_40' title='bbox 432 897 566 977; x_wconf 78' lang='lat' dir='ltr'><strong>simplex.</strong></span> <span class='ocrx_word' id='word_1_41' title='bbox 609 897 678 956; x_wconf 93' lang='lat' dir='ltr'>Noli</span> <span class='ocrx_word' id='word_1_42' title='bbox 692 919 819 977; x_wconf 78' lang='lat' dir='ltr'>operare,</span> <span class='ocrx_word' id='word_1_43' title='bbox 839 911 926 978; x_wconf 85' lang='lat' dir='ltr'>poeta</span> <span class='ocrx_word' id='word_1_44' title='bbox 947 899 1087 958; x_wconf 86' lang='lat' dir='ltr'>Trebium</span> <span class='ocrx_word' id='word_1_45' title='bbox 1108 899 1232 980; x_wconf 87' lang='lat' dir='ltr'>alloqui·</span> 
     </span>
     <span class='ocr_line' id='line_1_6' title="bbox 86 995 1231 1074; baseline 0.005 -22"><span class='ocrx_word' id='word_1_46' title='bbox 86 1007 145 1064; x_wconf 87' lang='lat' dir='ltr'>tur,</span> <span class='ocrx_word' id='word_1_47' title='bbox 159 1007 328 1074; x_wconf 81' lang='lat' dir='ltr'>patronum</span> <span class='ocrx_word' id='word_1_48' title='bbox 340 996 392 1055; x_wconf 78' lang='lat' dir='ltr'>tabi</span> <span class='ocrx_word' id='word_1_49' title='bbox 404 996 619 1073; x_wconf 67' lang='lat' dir='ltr'><strong>gratulaturum</strong></span> <span class='ocrx_word' id='word_1_50' title='bbox 639 1007 669 1054; x_wconf 88' lang='lat' dir='ltr'>et</span> <span class='ocrx_word' id='word_1_51' title='bbox 689 995 865 1056; x_wconf 75' lang='lat' dir='ltr'>munusculo</span> <span class='ocrx_word' id='word_1_52' title='bbox 885 996 983 1074; x_wconf 91' lang='lat' dir='ltr'>aliquo</span> <span class='ocrx_word' id='word_1_53' title='bbox 1003 995 1134 1056; x_wconf 71' lang='lat' dir='ltr'>laetitiam</span> <span class='ocrx_word' id='word_1_54' title='bbox 1149 1018 1231 1058; x_wconf 87' lang='lat' dir='ltr'>auam</span> 
     </span>
    </p>
   </div>
   <div class='ocr_carea' id='block_1_3' title="bbox 84 1095 1231 1274">
    <p class='ocr_par' dir='ltr' id='par_1_3' title="bbox 84 1095 1231 1274">
     <span class='ocr_line' id='line_1_7' title="bbox 84 1095 1230 1176; baseline 0 -22"><span class='ocrx_word' id='word_1_55' title='bbox 84 1107 272 1156; x_wconf 73' lang='lat' dir='ltr'>testaturam</span> <span class='ocrx_word' id='word_1_56' title='bbox 292 1115 361 1164; x_wconf 84' lang='lat' dir='ltr'>eaae,</span> <span class='ocrx_word' id='word_1_57' title='bbox 382 1095 406 1154; x_wconf 80' lang='lat' dir='ltr'>ai</span> <span class='ocrx_word' id='word_1_58' title='bbox 426 1097 502 1155; x_wconf 85' lang='lat' dir='ltr'>forte</span> <span class='ocrx_word' id='word_1_59' title='bbox 523 1115 597 1155; x_wconf 87' lang='lat' dir='ltr'>uxor</span> <span class='ocrx_word' id='word_1_60' title='bbox 616 1096 711 1156; x_wconf 83' lang='lat' dir='ltr'>tribua</span> <span class='ocrx_word' id='word_1_61' title='bbox 730 1096 862 1174; x_wconf 75' lang='lat' dir='ltr'>puerulis</span> <span class='ocrx_word' id='word_1_62' title='bbox 876 1107 906 1156; x_wconf 88' lang='lat' dir='ltr'>te</span> <span class='ocrx_word' id='word_1_63' title='bbox 919 1117 979 1156; x_wconf 92' lang='lat' dir='ltr'>uno</span> <span class='ocrx_word' id='word_1_64' title='bbox 993 1108 1079 1176; x_wconf 89' lang='lat' dir='ltr'>partu</span> <span class='ocrx_word' id='word_1_65' title='bbox 1092 1099 1230 1158; x_wconf 78' lang='lat' dir='ltr'>beaverit.</span> 
     </span>
     <span class='ocr_line' id='line_1_8' title="bbox 86 1193 1231 1274; baseline 0.003 -22"><span class='ocrx_word' id='word_1_66' title='bbox 86 1195 181 1252; x_wconf 84' lang='lat' dir='ltr'>Pater</span> <span class='ocrx_word' id='word_1_67' title='bbox 208 1194 332 1253; x_wconf 75' lang='lat' dir='ltr'><strong>Trebius</strong></span> <span class='ocrx_word' id='word_1_68' title='bbox 355 1194 402 1253; x_wconf 86' lang='lat' dir='ltr'>bia</span> <span class='ocrx_word' id='word_1_69' title='bbox 424 1193 557 1273; x_wconf 74' lang='lat' dir='ltr'>parvulis</span> <span class='ocrx_word' id='word_1_70' title='bbox 580 1193 659 1254; x_wconf 85' lang='lat' dir='ltr'>aolua</span> <span class='ocrx_word' id='word_1_71' title='bbox 686 1193 888 1265; x_wconf 77' lang='lat' dir='ltr'>delectabitur,</span> <span class='ocrx_word' id='word_1_72' title='bbox 919 1195 1109 1274; x_wconf 72' lang='lat' dir='ltr'>elegantiores</span> <span class='ocrx_word' id='word_1_73' title='bbox 1137 1208 1231 1256; x_wconf 85' lang='lat' dir='ltr'>vestea</span> 
     </span>
    </p>
   </div>
   <div class='ocr_carea' id='block_1_4' title="bbox 60 1297 1249 4086">
    <p class='ocr_par' dir='ltr' id='par_1_4' title="bbox 60 1297 1249 4086">
     <span class='ocr_line' id='line_1_9' title="bbox 88 1297 1231 1369; baseline 0.003 -14"><span class='ocrx_word' id='word_1_74' title='bbox 88 1297 236 1356; x_wconf 79' lang='lat' dir='ltr'>sumtrbua</span> <span class='ocrx_word' id='word_1_75' title='bbox 249 1297 311 1356; x_wconf 83' lang='lat' dir='ltr'>ania</span> <span class='ocrx_word' id='word_1_76' title='bbox 323 1298 520 1356; x_wconf 75' lang='lat' dir='ltr'>conficiendas</span> <span class='ocrx_word' id='word_1_77' title='bbox 533 1297 655 1365; x_wconf 78' lang='lat' dir='ltr'>curabit,</span> <span class='ocrx_word' id='word_1_78' title='bbox 676 1315 775 1369; x_wconf 83' lang='lat' dir='ltr'>nucea,</span> <span class='ocrx_word' id='word_1_79' title='bbox 798 1297 821 1356; x_wconf 83' lang='lat' dir='ltr'>ai</span> <span class='ocrx_word' id='word_1_80' title='bbox 844 1297 1025 1356; x_wconf 74' lang='lat' dir='ltr'>blandientes</span> <span class='ocrx_word' id='word_1_81' title='bbox 1045 1299 1084 1356; x_wconf 88' lang='lat' dir='ltr'>ad</span> <span class='ocrx_word' id='word_1_82' title='bbox 1102 1319 1231 1360; x_wconf 81' lang='lat' dir='ltr'>mensam</span> 
     </span>
     <span class='ocr_line' id='line_1_10' title="bbox 89 1381 1231 1474; baseline 0.003 -20"><span class='ocrx_word' id='word_1_83' title='bbox 89 1395 271 1464; x_wconf 73' lang='lat' dir='ltr'>acoemerint,</span> <span class='ocrx_word' id='word_1_84' title='bbox 284 1394 323 1453; x_wconf 84' lang='lat' dir='ltr'>iis</span> <span class='ocrx_word' id='word_1_85' title='bbox 336 1395 401 1472; x_wconf 84' lang='lat' dir='ltr'>ipae</span> <span class='ocrx_word' id='word_1_86' title='bbox 413 1395 564 1474; x_wconf 84' lang='lat' dir='ltr'>porrigere</span> <span class='ocrx_word' id='word_1_87' title='bbox 577 1405 608 1454; x_wconf 89' lang='lat' dir='ltr'>et</span> <span class='ocrx_word' id='word_1_88' title='bbox 620 1394 757 1467; x_wconf 80' lang='lat' dir='ltr'>numuloa</span> <span class='ocrx_word' id='word_1_89' title='bbox 770 1395 809 1452; x_wconf 86' lang='lat' dir='ltr'>ad</span> <span class='ocrx_word' id='word_1_90' title='bbox 824 1381 984 1473; x_wconf 78' lang='lat' dir='ltr'>crepundia</span> <span class='ocrx_word' id='word_1_91' title='bbox 997 1397 1121 1455; x_wconf 88' lang='lat' dir='ltr'>emenda</span> <span class='ocrx_word' id='word_1_92' title='bbox 1135 1417 1152 1455; x_wconf 90' lang='lat' dir='ltr'>e</span> <span class='ocrx_word' id='word_1_93' title='bbox 1166 1417 1231 1457; x_wconf 88' lang='lat' dir='ltr'>cru-</span> 
     </span>
     <span class='ocr_line' id='line_1_11' title="bbox 89 1494 1232 1576; baseline 0.002 -20"><span class='ocrx_word' id='word_1_94' title='bbox 89 1519 177 1556; x_wconf 85' lang='lat' dir='ltr'>mena</span> <span class='ocrx_word' id='word_1_95' title='bbox 188 1517 241 1557; x_wconf 76' lang='lat' dir='ltr'>sna</span> <span class='ocrx_word' id='word_1_96' title='bbox 258 1499 395 1576; x_wconf 71' lang='lat' dir='ltr'>praebere</span> <span class='ocrx_word' id='word_1_97' title='bbox 408 1509 525 1556; x_wconf 82' lang='lat' dir='ltr'>eoactua</span> <span class='ocrx_word' id='word_1_98' title='bbox 536 1495 598 1556; x_wconf 76' lang='lat' dir='ltr'>erit.</span> <span class='ocrx_word' id='word_1_99' title='bbox 641 1495 677 1553; x_wconf 91' lang='lat' dir='ltr'>In</span> <span class='ocrx_word' id='word_1_100' title='bbox 691 1494 737 1554; x_wconf 87' lang='lat' dir='ltr'>bia</span> <span class='ocrx_word' id='word_1_101' title='bbox 748 1495 886 1555; x_wconf 86' lang='lat' dir='ltr'>omnibus</span> <span class='ocrx_word' id='word_1_102' title='bbox 902 1495 944 1554; x_wconf 92' lang='lat' dir='ltr'>nil</span> <span class='ocrx_word' id='word_1_103' title='bbox 958 1510 987 1557; x_wconf 85' lang='lat' dir='ltr'>te</span> <span class='ocrx_word' id='word_1_104' title='bbox 997 1497 1116 1576; x_wconf 89' lang='lat' dir='ltr'>juvabit</span> <span class='ocrx_word' id='word_1_105' title='bbox 1131 1498 1232 1558; x_wconf 86' lang='lat' dir='ltr'>Virro-</span> 
     </span>
     <span class='ocr_line' id='line_1_12' title="bbox 91 1595 1232 1676; baseline 0.005 -22"><span class='ocrx_word' id='word_1_106' title='bbox 91 1599 139 1655; x_wconf 86' lang='lat' dir='ltr'>nia</span> <span class='ocrx_word' id='word_1_107' title='bbox 156 1597 327 1658; x_wconf 72' lang='lat' dir='ltr'>liberalitas:</span> <span class='ocrx_word' id='word_1_108' title='bbox 354 1617 426 1656; x_wconf 88' lang='lat' dir='ltr'>nam</span> <span class='ocrx_word' id='word_1_109' title='bbox 437 1597 595 1676; x_wconf 79' lang='lat' dir='ltr'>jucundam</span> <span class='ocrx_word' id='word_1_110' title='bbox 616 1605 750 1656; x_wconf 79' lang='lat' dir='ltr'>eteorum</span> <span class='ocrx_word' id='word_1_111' title='bbox 762 1596 865 1656; x_wconf 77' lang='lat' dir='ltr'>sterilia</span> <span class='ocrx_word' id='word_1_112' title='bbox 876 1595 957 1676; x_wconf 82' lang='lat' dir='ltr'>facit</span> <span class='ocrx_word' id='word_1_113' title='bbox 968 1619 1049 1662; x_wconf 67' lang='lat' dir='ltr'>,teror</span> <span class='ocrx_word' id='word_1_114' title='bbox 1062 1599 1180 1658; x_wconf 84' lang='lat' dir='ltr'>amicum</span> <span class='ocrx_word' id='word_1_115' title='bbox 1204 1620 1232 1660; x_wconf 84' lang='lat' dir='ltr'>v.</span> 
     </span>
     <span class='ocr_line' id='line_1_13' title="bbox 94 1695 1232 1775; baseline 0.003 -22"><span class='ocrx_word' id='word_1_116' title='bbox 94 1697 183 1754; x_wconf 67' lang='lat' dir='ltr'>140.m</span> <span class='ocrx_word' id='word_1_117' title='bbox 222 1695 296 1755; x_wconf 76' lang='lat' dir='ltr'>Hae</span> <span class='ocrx_word' id='word_1_118' title='bbox 316 1715 390 1754; x_wconf 82' lang='lat' dir='ltr'>vero</span> <span class='ocrx_word' id='word_1_119' title='bbox 409 1695 562 1765; x_wconf 71' lang='lat' dir='ltr'>sententia,</span> <span class='ocrx_word' id='word_1_120' title='bbox 584 1714 640 1754; x_wconf 83' lang='lat' dir='ltr'>vsa.</span> <span class='ocrx_word' id='word_1_121' title='bbox 663 1701 831 1760; x_wconf 68' lang='lat' dir='ltr'>let-140.</span> <span class='ocrx_word' id='word_1_122' title='bbox 852 1695 914 1774; x_wconf 86' lang='lat' dir='ltr'>jam</span> <span class='ocrx_word' id='word_1_123' title='bbox 935 1715 1078 1774; x_wconf 81' lang='lat' dir='ltr'>expressa,</span> <span class='ocrx_word' id='word_1_124' title='bbox 1100 1697 1232 1775; x_wconf 92' lang='lat' dir='ltr'>nequid</span> 
     </span>
     <span class='ocr_line' id='line_1_14' title="bbox 92 1791 1234 1873; baseline 0.004 -22"><span class='ocrx_word' id='word_1_125' title='bbox 92 1794 212 1871; x_wconf 79' lang='lat' dir='ltr'>gravina</span> <span class='ocrx_word' id='word_1_126' title='bbox 224 1793 331 1862; x_wconf 85' lang='lat' dir='ltr'>dicam,</span> <span class='ocrx_word' id='word_1_127' title='bbox 345 1791 506 1851; x_wconf 85' lang='lat' dir='ltr'>admodum</span> <span class='ocrx_word' id='word_1_128' title='bbox 521 1792 661 1870; x_wconf 64' lang='lat' dir='ltr'>languet·</span> <span class='ocrx_word' id='word_1_129' title='bbox 672 1813 767 1871; x_wconf 89' lang='lat' dir='ltr'>neque</span> <span class='ocrx_word' id='word_1_130' title='bbox 781 1793 808 1851; x_wconf 90' lang='lat' dir='ltr'>ei</span> <span class='ocrx_word' id='word_1_131' title='bbox 822 1793 1001 1854; x_wconf 88' lang='lat' dir='ltr'>conveniunt</span> <span class='ocrx_word' id='word_1_132' title='bbox 1014 1793 1130 1873; x_wconf 76' lang='lat' dir='ltr'>singula</span> <span class='ocrx_word' id='word_1_133' title='bbox 1144 1797 1234 1855; x_wconf 84' lang='lat' dir='ltr'>verba</span> 
     </span>
     <span class='ocr_line' id='line_1_15' title="bbox 90 1895 1249 1976; baseline 0.004 -22"><span class='ocrx_word' id='word_1_134' title='bbox 90 1917 191 1974; x_wconf 71' lang='lat' dir='ltr'>paenas</span> <span class='ocrx_word' id='word_1_135' title='bbox 202 1905 261 1955; x_wconf 82' lang='lat' dir='ltr'>tm</span> <span class='ocrx_word' id='word_1_136' title='bbox 275 1896 305 1953; x_wconf 79' lang='lat' dir='ltr'>ia</span> <span class='ocrx_word' id='word_1_137' title='bbox 317 1895 457 1974; x_wconf 69' lang='lat' dir='ltr'>gronium</span> <span class='ocrx_word' id='word_1_138' title='bbox 465 1895 674 1974; x_wconf 68' lang='lat' dir='ltr'>patriaj‘andat</span> <span class='ocrx_word' id='word_1_139' title='bbox 687 1895 778 1966; x_wconf 71' lang='lat' dir='ltr'>simul,</span> <span class='ocrx_word' id='word_1_140' title='bbox 793 1895 853 1975; x_wconf 83' lang='lat' dir='ltr'>ipae</span> <span class='ocrx_word' id='word_1_141' title='bbox 869 1897 1003 1976; x_wconf 79' lang='lat' dir='ltr'>guadebit</span> <span class='ocrx_word' id='word_1_142' title='bbox 1016 1909 1046 1958; x_wconf 91' lang='lat' dir='ltr'>et</span> <span class='ocrx_word' id='word_1_143' title='bbox 1059 1897 1099 1956; x_wconf 84' lang='lat' dir='ltr'>ad</span> <span class='ocrx_word' id='word_1_144' title='bbox 1111 1918 1249 1972; x_wconf 64' lang='lat' dir='ltr'>mensam,</span> 
     </span>
     <span class='ocr_line' id='line_1_16' title="bbox 93 1993 1234 2075; baseline 0.005 -23"><span class='ocrx_word' id='word_1_145' title='bbox 93 1997 197 2075; x_wconf 68' lang='lat' dir='ltr'>qratia·</span> <span class='ocrx_word' id='word_1_146' title='bbox 217 1996 365 2075; x_wconf 75' lang='lat' dir='ltr'>parasitus</span> <span class='ocrx_word' id='word_1_147' title='bbox 388 1995 493 2054; x_wconf 72' lang='lat' dir='ltr'>venerit</span> <span class='ocrx_word' id='word_1_148' title='bbox 513 1993 616 2073; x_wconf 65' lang='lat' dir='ltr'>insana</span> <span class='ocrx_word' id='word_1_149' title='bbox 660 1996 705 2054; x_wconf 85' lang='lat' dir='ltr'>Ea</span> <span class='ocrx_word' id='word_1_150' title='bbox 725 1998 849 2075; x_wconf 79' lang='lat' dir='ltr'>quoque</span> <span class='ocrx_word' id='word_1_151' title='bbox 863 2015 923 2056; x_wconf 92' lang='lat' dir='ltr'>non</span> <span class='ocrx_word' id='word_1_152' title='bbox 945 2017 1037 2057; x_wconf 90' lang='lat' dir='ltr'>unum</span> <span class='ocrx_word' id='word_1_153' title='bbox 1057 2000 1096 2058; x_wconf 92' lang='lat' dir='ltr'>ob</span> <span class='ocrx_word' id='word_1_154' title='bbox 1117 2019 1234 2058; x_wconf 79' lang='lat' dir='ltr'>eausam</span> 
     </span>
     <span class='ocr_line' id='line_1_17' title="bbox 93 2097 1234 2176; baseline 0.001 -19"><span class='ocrx_word' id='word_1_155' title='bbox 93 2097 280 2176; x_wconf 83' lang='lat' dir='ltr'>repudianda</span> <span class='ocrx_word' id='word_1_156' title='bbox 298 2109 409 2156; x_wconf 83' lang='lat' dir='ltr'>ettam</span> <span class='ocrx_word' id='word_1_157' title='bbox 422 2119 439 2154; x_wconf 90' lang='lat' dir='ltr'>a</span> <span class='ocrx_word' id='word_1_158' title='bbox 453 2104 574 2165; x_wconf 77' lang='lat' dir='ltr'>v.145.‚</span> <span class='ocrx_word' id='word_1_159' title='bbox 596 2109 659 2156; x_wconf 89' lang='lat' dir='ltr'>tum</span> <span class='ocrx_word' id='word_1_160' title='bbox 680 2119 697 2154; x_wconf 90' lang='lat' dir='ltr'>a</span> <span class='ocrx_word' id='word_1_161' title='bbox 715 2097 949 2176; x_wconf 89' lang='lat' dir='ltr'>breviloquentia</span> <span class='ocrx_word' id='word_1_162' title='bbox 968 2099 988 2158; x_wconf 89' lang='lat' dir='ltr'>J</span> <span class='ocrx_word' id='word_1_163' title='bbox 991 2099 1128 2157; x_wconf 81' lang='lat' dir='ltr'>uvenalie</span> <span class='ocrx_word' id='word_1_164' title='bbox 1141 2099 1234 2158; x_wconf 88' lang='lat' dir='ltr'>aliena</span> 
     </span>
     <span class='ocr_line' id='line_1_18' title="bbox 60 2194 1233 2276; baseline -0.001 -18"><span class='ocrx_word' id='word_1_165' title='bbox 60 2249 67 2258; x_wconf 90' lang='lat'>.</span> <span class='ocrx_word' id='word_1_166' title='bbox 95 2195 219 2255; x_wconf 80' lang='lat' dir='ltr'>videtur</span> <span class='ocrx_word' id='word_1_167' title='bbox 232 2195 297 2254; x_wconf 87' lang='lat' dir='ltr'>viro</span> <span class='ocrx_word' id='word_1_168' title='bbox 310 2194 393 2255; x_wconf 87' lang='lat' dir='ltr'>docto</span> <span class='ocrx_word' id='word_1_169' title='bbox 404 2197 435 2254; x_wconf 86' lang='lat' dir='ltr'>in</span> <span class='ocrx_word' id='word_1_170' title='bbox 451 2195 575 2274; x_wconf 83' lang='lat' dir='ltr'>prem.</span> <span class='ocrx_word' id='word_1_171' title='bbox 591 2195 660 2254; x_wconf 89' lang='lat' dir='ltr'>Hal.</span> <span class='ocrx_word' id='word_1_172' title='bbox 676 2194 772 2274; x_wconf 80' lang='lat' dir='ltr'>(Allg.</span> <span class='ocrx_word' id='word_1_173' title='bbox 789 2197 847 2255; x_wconf 82' lang='lat' dir='ltr'>Lit</span> <span class='ocrx_word' id='word_1_174' title='bbox 863 2194 934 2256; x_wconf 73' lang='lat' dir='ltr'>Zeia</span> <span class='ocrx_word' id='word_1_175' title='bbox 949 2217 974 2254; x_wconf 86' lang='lat' dir='ltr'>a.</span> <span class='ocrx_word' id='word_1_176' title='bbox 993 2205 1078 2256; x_wconf 81' lang='lat'>1814.</span> <span class='ocrx_word' id='word_1_177' title='bbox 1094 2197 1134 2275; x_wconf 90' lang='lat' dir='ltr'>pl.</span> <span class='ocrx_word' id='word_1_178' title='bbox 1150 2201 1233 2276; x_wconf 75' lang='lat'>223.)</span> 
     </span>
     <span class='ocr_line' id='line_1_19' title="bbox 97 2297 1235 2376; baseline 0.004 -21"><span class='ocrx_word' id='word_1_179' title='bbox 97 2299 211 2376; x_wconf 88' lang='lat' dir='ltr'>Neque</span> <span class='ocrx_word' id='word_1_180' title='bbox 222 2317 368 2376; x_wconf 70' lang='lat' dir='ltr'>assequor.</span> <span class='ocrx_word' id='word_1_181' title='bbox 384 2317 432 2357; x_wconf 86' lang='lat' dir='ltr'>mr</span> <span class='ocrx_word' id='word_1_182' title='bbox 443 2316 505 2356; x_wconf 89' lang='lat' dir='ltr'>non</span> <span class='ocrx_word' id='word_1_183' title='bbox 518 2309 549 2357; x_wconf 85' lang='lat' dir='ltr'>et</span> <span class='ocrx_word' id='word_1_184' title='bbox 557 2307 644 2369; x_wconf 64' lang='lat' dir='ltr'>&#39;auno</span> <span class='ocrx_word' id='word_1_185' title='bbox 665 2297 806 2357; x_wconf 86' lang='lat' dir='ltr'>etomnia</span> <span class='ocrx_word' id='word_1_186' title='bbox 818 2319 836 2356; x_wconf 90' lang='lat' dir='ltr'>a</span> <span class='ocrx_word' id='word_1_187' title='bbox 850 2299 1011 2358; x_wconf 74' lang='lat' dir='ltr'>v.&#39;132.ad</span> <span class='ocrx_word' id='word_1_188' title='bbox 1029 2306 1094 2358; x_wconf 78' lang='lat'>145.</span> <span class='ocrx_word' id='word_1_189' title='bbox 1110 2299 1148 2358; x_wconf 88' lang='lat' dir='ltr'>ad</span> <span class='ocrx_word' id='word_1_190' title='bbox 1166 2301 1235 2359; x_wconf 87' lang='lat' dir='ltr'>Tre·</span> 
     </span>
     <span class='ocr_line' id='line_1_20' title="bbox 95 2396 1235 2476; baseline 0.002 -20"><span class='ocrx_word' id='word_1_191' title='bbox 95 2398 181 2466; x_wconf 63' lang='lat' dir='ltr'>aaa,</span> <span class='ocrx_word' id='word_1_192' title='bbox 195 2417 357 2476; x_wconf 81' lang='lat' dir='ltr'>pauperem</span> <span class='ocrx_word' id='word_1_193' title='bbox 370 2396 513 2467; x_wconf 84' lang='lat' dir='ltr'>clientem,</span> <span class='ocrx_word' id='word_1_194' title='bbox 529 2397 580 2476; x_wconf 92' lang='lat' dir='ltr'>qui</span> <span class='ocrx_word' id='word_1_195' title='bbox 596 2417 669 2455; x_wconf 83' lang='lat' dir='ltr'>nunc</span> <span class='ocrx_word' id='word_1_196' title='bbox 682 2408 804 2474; x_wconf 87' lang='lat' dir='ltr'>repente</span> <span class='ocrx_word' id='word_1_197' title='bbox 818 2396 900 2456; x_wconf 86' lang='lat' dir='ltr'>dives</span> <span class='ocrx_word' id='word_1_198' title='bbox 914 2398 1008 2457; x_wconf 76' lang='lat' dir='ltr'>factus</span> <span class='ocrx_word' id='word_1_199' title='bbox 1022 2399 1077 2466; x_wconf 82' lang='lat' dir='ltr'>est,</span> <span class='ocrx_word' id='word_1_200' title='bbox 1091 2399 1192 2457; x_wconf 86' lang='lat' dir='ltr'>referri</span> <span class='ocrx_word' id='word_1_201' title='bbox 1205 2411 1235 2458; x_wconf 91' lang='lat' dir='ltr'>et</span> 
     </span>
     <span class='ocr_line' id='line_1_21' title="bbox 93 2477 1232 2579; baseline 0.001 -22"><span class='ocrx_word' id='word_1_202' title='bbox 93 2501 207 2576; x_wconf 72' lang='lat' dir='ltr'>possint</span> <span class='ocrx_word' id='word_1_203' title='bbox 220 2512 253 2557; x_wconf 89' lang='lat' dir='ltr'>et</span> <span class='ocrx_word' id='word_1_204' title='bbox 265 2499 398 2558; x_wconf 79' lang='lat' dir='ltr'>debeant.</span> <span class='ocrx_word' id='word_1_205' title='bbox 440 2497 635 2578; x_wconf 85' lang='lat' dir='ltr'>Aptiaaimum</span> <span class='ocrx_word' id='word_1_206' title='bbox 655 2505 726 2558; x_wconf 82' lang='lat' dir='ltr'>v&#39;ero</span> <span class='ocrx_word' id='word_1_207' title='bbox 739 2510 784 2558; x_wconf 86' lang='lat' dir='ltr'>est</span> <span class='ocrx_word' id='word_1_208' title='bbox 797 2519 871 2560; x_wconf 69' lang='lat' dir='ltr'>itanc</span> <span class='ocrx_word' id='word_1_209' title='bbox 884 2519 927 2568; x_wconf 88' lang='lat' dir='ltr'>eo,</span> <span class='ocrx_word' id='word_1_210' title='bbox 948 2477 1007 2578; x_wconf 67' lang='lat' dir='ltr'>buo</span> <span class='ocrx_word' id='word_1_211' title='bbox 1017 2500 1080 2579; x_wconf 90' lang='lat' dir='ltr'>jam</span> <span class='ocrx_word' id='word_1_212' title='bbox 1095 2499 1126 2558; x_wconf 93' lang='lat' dir='ltr'>id</span> <span class='ocrx_word' id='word_1_213' title='bbox 1140 2500 1232 2578; x_wconf 87' lang='lat' dir='ltr'>capio,</span> 
     </span>
     <span class='ocr_line' id='line_1_22' title="bbox 96 2583 1232 2678; baseline -0.001 -20"><span class='ocrx_word' id='word_1_214' title='bbox 96 2617 185 2658; x_wconf 72' lang='lat' dir='ltr'>aenou</span> <span class='ocrx_word' id='word_1_215' title='bbox 196 2621 206 2669; x_wconf 93' lang='lat'>;</span> <span class='ocrx_word' id='word_1_216' title='bbox 228 2608 366 2677; x_wconf 57' lang='lat' dir='ltr'>unque</span> <span class='ocrx_word' id='word_1_217' title='bbox 379 2599 480 2678; x_wconf 88' lang='lat' dir='ltr'>inepta</span> <span class='ocrx_word' id='word_1_218' title='bbox 491 2596 668 2658; x_wconf 85' lang='lat' dir='ltr'>leetioama</span> <span class='ocrx_word' id='word_1_219' title='bbox 681 2598 824 2668; x_wconf 70' lang='lat' dir='ltr'>restituta,</span> <span class='ocrx_word' id='word_1_220' title='bbox 845 2589 940 2677; x_wconf 82' lang='lat' dir='ltr'>neque</span> <span class='ocrx_word' id='word_1_221' title='bbox 961 2583 1024 2657; x_wconf 68' lang='lat' dir='ltr'>haee</span> <span class='ocrx_word' id='word_1_222' title='bbox 1045 2608 1123 2657; x_wconf 85' lang='lat' dir='ltr'>certe</span> <span class='ocrx_word' id='word_1_223' title='bbox 1144 2597 1232 2658; x_wconf 81' lang='lat' dir='ltr'>inter-</span> 
     </span>
     <span class='ocr_line' id='line_1_23' title="bbox 96 2700 1230 2781; baseline -0.002 -20"><span class='ocrx_word' id='word_1_224' title='bbox 96 2702 224 2780; x_wconf 82' lang='lat' dir='ltr'>pretatio</span> <span class='ocrx_word' id='word_1_225' title='bbox 235 2720 316 2769; x_wconf 77' lang='lat' dir='ltr'>mete,</span> <span class='ocrx_word' id='word_1_226' title='bbox 335 2701 490 2780; x_wconf 88' lang='lat' dir='ltr'>paululum</span> <span class='ocrx_word' id='word_1_227' title='bbox 503 2702 665 2765; x_wconf 81' lang='lat' dir='ltr'>immutata</span> <span class='ocrx_word' id='word_1_228' title='bbox 676 2700 872 2761; x_wconf 75' lang='lat' dir='ltr'>anteferenda.</span> <span class='ocrx_word' id='word_1_229' title='bbox 954 2701 1062 2781; x_wconf 81' lang='lat' dir='ltr'>loquaci</span> <span class='ocrx_word' id='word_1_230' title='bbox 1075 2702 1148 2773; x_wconf 74' lang='lat' dir='ltr'>nido,</span> <span class='ocrx_word' id='word_1_231' title='bbox 1164 2702 1230 2781; x_wconf 89' lang='lat' dir='ltr'>pul-</span> 
     </span>
     <span class='ocr_line' id='line_1_24' title="bbox 98 2796 1233 2884; baseline 0 -21"><span class='ocrx_word' id='word_1_232' title='bbox 98 2806 137 2864; x_wconf 83' lang='lat' dir='ltr'>lis</span> <span class='ocrx_word' id='word_1_233' title='bbox 148 2805 255 2875; x_wconf 78' lang='lat' dir='ltr'>arima,</span> <span class='ocrx_word' id='word_1_234' title='bbox 272 2811 370 2871; x_wconf 66' lang='grc' dir='ltr'>πεσσοῖς</span> <span class='ocrx_word' id='word_1_235' title='bbox 384 2804 503 2884; x_wconf 52' lang='grc' dir='ltr'>τεύξουσι,</span> <span class='ocrx_word' id='word_1_236' title='bbox 516 2805 545 2863; x_wconf 89' lang='lat' dir='ltr'>b.</span> <span class='ocrx_word' id='word_1_237' title='bbox 559 2804 579 2863; x_wconf 90' lang='lat' dir='ltr'>l.</span> <span class='ocrx_word' id='word_1_238' title='bbox 593 2824 647 2883; x_wconf 86' lang='lat' dir='ltr'>pro</span> <span class='ocrx_word' id='word_1_239' title='bbox 660 2804 791 2883; x_wconf 84' lang='lat' dir='ltr'>puerulis</span> <span class='ocrx_word' id='word_1_240' title='bbox 805 2796 985 2882; x_wconf 69' lang='lat' dir='ltr'>loquacibus,</span> <span class='ocrx_word' id='word_1_241' title='bbox 1005 2804 1098 2863; x_wconf 88' lang='lat' dir='ltr'>fonna</span> <span class='ocrx_word' id='word_1_242' title='bbox 1111 2804 1233 2882; x_wconf 82' lang='lat' dir='ltr'>loquen-</span> 
     </span>
     <span class='ocr_line' id='line_1_25' title="bbox 97 2904 1233 2985; baseline -0.004 -18"><span class='ocrx_word' id='word_1_243' title='bbox 97 2908 128 2967; x_wconf 90' lang='lat' dir='ltr'>di</span> <span class='ocrx_word' id='word_1_244' title='bbox 142 2907 224 2985; x_wconf 84' lang='lat' dir='ltr'>Virg.</span> <span class='ocrx_word' id='word_1_245' title='bbox 240 2908 311 2966; x_wconf 83' lang='lat' dir='ltr'>AEn.</span> <span class='ocrx_word' id='word_1_246' title='bbox 327 2906 403 2975; x_wconf 85' lang='lat' dir='ltr'>XII,</span> <span class='ocrx_word' id='word_1_247' title='bbox 417 2913 485 2972; x_wconf 77' lang='lat'>475.</span> <span class='ocrx_word' id='word_1_248' title='bbox 506 2906 545 2964; x_wconf 87' lang='lat' dir='ltr'>ad</span> <span class='ocrx_word' id='word_1_249' title='bbox 565 2926 681 2965; x_wconf 79' lang='lat' dir='ltr'>aeneum</span> <span class='ocrx_word' id='word_1_250' title='bbox 703 2906 841 2985; x_wconf 81' lang='lat' dir='ltr'>impropr.</span> <span class='ocrx_word' id='word_1_251' title='bbox 863 2927 897 2966; x_wconf 85' lang='lat' dir='ltr'>ae</span> <span class='ocrx_word' id='word_1_252' title='bbox 912 2906 1072 2985; x_wconf 84' lang='lat' dir='ltr'>figuratum</span> <span class='ocrx_word' id='word_1_253' title='bbox 1088 2904 1233 2983; x_wconf 76' lang='lat' dir='ltr'>translata.</span> 
     </span>
     <span class='ocr_line' id='line_1_26' title="bbox 98 3001 1233 3085; baseline -0.005 -22"><span class='ocrx_word' id='word_1_254' title='bbox 98 3004 143 3064; x_wconf 80' lang='lat' dir='ltr'>Sic</span> <span class='ocrx_word' id='word_1_255' title='bbox 161 3016 193 3065; x_wconf 85' lang='lat' dir='ltr'>et</span> <span class='ocrx_word' id='word_1_256' title='bbox 218 3008 448 3085; x_wconf 60' lang='grc' dir='ltr'>χξηποῦπατςὸς</span> <span class='ocrx_word' id='word_1_257' title='bbox 468 3008 561 3062; x_wconf 66' lang='grc' dir='ltr'>νεόττια</span> <span class='ocrx_word' id='word_1_258' title='bbox 581 3004 655 3061; x_wconf 84' lang='lat' dir='ltr'>dixit</span> <span class='ocrx_word' id='word_1_259' title='bbox 675 3004 809 3063; x_wconf 85' lang='lat' dir='ltr'>adulator</span> <span class='ocrx_word' id='word_1_260' title='bbox 829 3004 909 3082; x_wconf 91' lang='lat' dir='ltr'>apud</span> <span class='ocrx_word' id='word_1_261' title='bbox 924 3003 1074 3082; x_wconf 89' lang='lat' dir='ltr'>Theophr.</span> <span class='ocrx_word' id='word_1_262' title='bbox 1089 3002 1176 3061; x_wconf 87' lang='lat' dir='ltr'>Char.</span> <span class='ocrx_word' id='word_1_263' title='bbox 1194 3001 1233 3059; x_wconf 91' lang='lat' dir='ltr'>II.</span> 
     </span>
     <span class='ocr_line' id='line_1_27' title="bbox 97 3104 1235 3185; baseline -0.004 -20"><span class='ocrx_word' id='word_1_264' title='bbox 97 3115 216 3165; x_wconf 70' lang='lat' dir='ltr'>taenea</span> <span class='ocrx_word' id='word_1_265' title='bbox 236 3106 402 3185; x_wconf 73' lang='lat' dir='ltr'>palumbum</span> <span class='ocrx_word' id='word_1_266' title='bbox 422 3105 500 3165; x_wconf 86' lang='lat' dir='ltr'>Pera.</span> <span class='ocrx_word' id='word_1_267' title='bbox 524 3104 583 3175; x_wconf 94' lang='lat' dir='ltr'>III,</span> <span class='ocrx_word' id='word_1_268' title='bbox 607 3104 653 3164; x_wconf 91' lang='lat'>16.</span> <span class='ocrx_word' id='word_1_269' title='bbox 675 3104 779 3164; x_wconf 86' lang='lat' dir='ltr'>Catull.</span> <span class='ocrx_word' id='word_1_270' title='bbox 806 3106 922 3176; x_wconf 86' lang='lat' dir='ltr'>XXIX,</span> <span class='ocrx_word' id='word_1_271' title='bbox 947 3115 975 3175; x_wconf 90' lang='grc'>9.</span> <span class='ocrx_word' id='word_1_272' title='bbox 1004 3106 1083 3165; x_wconf 78' lang='lat' dir='ltr'>nidos</span> <span class='ocrx_word' id='word_1_273' title='bbox 1107 3104 1235 3184; x_wconf 75' lang='lat' dir='ltr'>quentiae</span> 
     </span>
     <span class='ocr_line' id='line_1_28' title="bbox 98 3207 1234 3287; baseline -0.004 -18"><span class='ocrx_word' id='word_1_274' title='bbox 98 3210 194 3269; x_wconf 74' lang='lat' dir='ltr'>senae</span> <span class='ocrx_word' id='word_1_275' title='bbox 218 3208 311 3268; x_wconf 84' lang='lat' dir='ltr'>Here.</span> <span class='ocrx_word' id='word_1_276' title='bbox 334 3209 405 3269; x_wconf 87' lang='lat' dir='ltr'>Fur.</span> <span class='ocrx_word' id='word_1_277' title='bbox 419 3230 447 3265; x_wconf 86' lang='lat' dir='ltr'>v.</span> <span class='ocrx_word' id='word_1_278' title='bbox 466 3215 538 3267; x_wconf 76' lang='grc'><strong>188..</strong></span> <span class='ocrx_word' id='word_1_279' title='bbox 554 3207 634 3266; x_wconf 71' lang='lat' dir='ltr'>nidor</span> <span class='ocrx_word' id='word_1_280' title='bbox 650 3208 768 3268; x_wconf 79' lang='lat' dir='ltr'>immites</span> <span class='ocrx_word' id='word_1_281' title='bbox 783 3208 865 3287; x_wconf 83' lang='lat' dir='ltr'>Virg.</span> <span class='ocrx_word' id='word_1_282' title='bbox 882 3208 935 3267; x_wconf 90' lang='lat' dir='ltr'>Ge.</span> <span class='ocrx_word' id='word_1_283' title='bbox 953 3209 1006 3280; x_wconf 93' lang='lat' dir='ltr'>IV,</span> <span class='ocrx_word' id='word_1_284' title='bbox 1023 3217 1068 3275; x_wconf 82' lang='lat'>17.</span> <span class='ocrx_word' id='word_1_285' title='bbox 1090 3222 1120 3267; x_wconf 91' lang='lat' dir='ltr'>et</span> <span class='ocrx_word' id='word_1_286' title='bbox 1140 3207 1234 3265; x_wconf 81' lang='lat' dir='ltr'>nidum</span> 
     </span>
     <span class='ocr_line' id='line_1_29' title="bbox 97 3308 1235 3389; baseline -0.004 -17"><span class='ocrx_word' id='word_1_287' title='bbox 97 3311 406 3372; x_wconf 65' lang='lat' dir='ltr'>domnallmmian.</span> <span class='ocrx_word' id='word_1_288' title='bbox 422 3310 506 3368; x_wconf 90' lang='lat' dir='ltr'>XIV.</span> <span class='ocrx_word' id='word_1_289' title='bbox 520 3330 549 3389; x_wconf 84' lang='lat' dir='ltr'>p.</span> <span class='ocrx_word' id='word_1_290' title='bbox 564 3314 613 3372; x_wconf 75' lang='lat'>28.</span> <span class='ocrx_word' id='word_1_291' title='bbox 628 3311 680 3369; x_wconf 88' lang='lat' dir='ltr'>ubi</span> <span class='ocrx_word' id='word_1_292' title='bbox 694 3331 721 3368; x_wconf 91' lang='lat' dir='ltr'>v.</span> <span class='ocrx_word' id='word_1_293' title='bbox 736 3310 832 3370; x_wconf 72' lang='lat' dir='ltr'>Vales⁴</span> <span class='ocrx_word' id='word_1_294' title='bbox 875 3310 958 3369; x_wconf 82' lang='lat' dir='ltr'>Conf.</span> <span class='ocrx_word' id='word_1_295' title='bbox 973 3310 1024 3369; x_wconf 86' lang='lat' dir='ltr'>inf.</span> <span class='ocrx_word' id='word_1_296' title='bbox 1041 3309 1125 3379; x_wconf 85' lang='lat' dir='ltr'>XIV,</span> <span class='ocrx_word' id='word_1_297' title='bbox 1140 3318 1187 3376; x_wconf 83' lang='lat'>74.</span> <span class='ocrx_word' id='word_1_298' title='bbox 1202 3308 1235 3367; x_wconf 90' lang='lat' dir='ltr'>in</span> 
     </span>
     <span class='ocr_line' id='line_1_30' title="bbox 99 3411 1234 3491; baseline 0.004 -24"><span class='ocrx_word' id='word_1_299' title='bbox 99 3414 172 3471; x_wconf 82' lang='lat' dir='ltr'>Var.</span> <span class='ocrx_word' id='word_1_300' title='bbox 185 3413 267 3473; x_wconf 78' lang='lat' dir='ltr'>Leet</span> <span class='ocrx_word' id='word_1_301' title='bbox 281 3426 310 3472; x_wconf 86' lang='lat' dir='ltr'>et</span> <span class='ocrx_word' id='word_1_302' title='bbox 326 3414 426 3472; x_wconf 89' lang='lat' dir='ltr'>Burm.</span> <span class='ocrx_word' id='word_1_303' title='bbox 440 3412 479 3470; x_wconf 92' lang='lat' dir='ltr'>ad</span> <span class='ocrx_word' id='word_1_304' title='bbox 490 3411 613 3471; x_wconf 70' lang='lat' dir='ltr'>anthol.=</span> <span class='ocrx_word' id='word_1_305' title='bbox 625 3423 683 3471; x_wconf 85' lang='lat' dir='ltr'>vet.</span> <span class='ocrx_word' id='word_1_306' title='bbox 698 3412 763 3472; x_wconf 79' lang='lat' dir='ltr'>Lat.</span> <span class='ocrx_word' id='word_1_307' title='bbox 779 3412 883 3491; x_wconf 85' lang='lat' dir='ltr'>Epigr.</span> <span class='ocrx_word' id='word_1_308' title='bbox 898 3413 921 3470; x_wconf 89' lang='lat'>1.</span> <span class='ocrx_word' id='word_1_309' title='bbox 937 3434 965 3490; x_wconf 90' lang='lat' dir='ltr'>p.</span> <span class='ocrx_word' id='word_1_310' title='bbox 983 3420 1048 3481; x_wconf 84' lang='grc'><strong>139.</strong></span> <span class='ocrx_word' id='word_1_311' title='bbox 1059 3448 1100 3461; x_wconf 88' lang='lat'>--</span> <span class='ocrx_word' id='word_1_312' title='bbox 1112 3420 1177 3471; x_wconf 78' lang='lat'>143.</span> <span class='ocrx_word' id='word_1_313' title='bbox 1193 3412 1234 3471; x_wconf 84' lang='lat' dir='ltr'>ui·</span> 
     </span>
     <span class='ocr_line' id='line_1_31' title="bbox 100 3510 1235 3582; baseline -0.001 -13"><span class='ocrx_word' id='word_1_314' title='bbox 100 3511 193 3570; x_wconf 79' lang='lat' dir='ltr'>rideat</span> <span class='ocrx_word' id='word_1_315' title='bbox 216 3513 326 3571; x_wconf 75' lang='lat' dir='ltr'>tlnoraca</span> <span class='ocrx_word' id='word_1_316' title='bbox 345 3512 475 3581; x_wconf 86' lang='lat' dir='ltr'>laneum,</span> <span class='ocrx_word' id='word_1_317' title='bbox 498 3510 681 3582; x_wconf 77' lang='lat' dir='ltr'>subuauam,</span> <span class='ocrx_word' id='word_1_318' title='bbox 711 3511 770 3571; x_wconf 79' lang='lat' dir='ltr'>vel‘</span> <span class='ocrx_word' id='word_1_319' title='bbox 784 3512 921 3573; x_wconf 84' lang='lat' dir='ltr'>tunicam.</span> <span class='ocrx_word' id='word_1_320' title='bbox 930 3513 1003 3559; x_wconf 78' lang='lat'>³⁹-</span> <span class='ocrx_word' id='word_1_321' title='bbox 1017 3519 1083 3571; x_wconf 77' lang='lat'>144.</span> <span class='ocrx_word' id='word_1_322' title='bbox 1106 3511 1235 3571; x_wconf 79' lang='lat' dir='ltr'>minimas</span> 
     </span>
     <span class='ocr_line' id='line_1_32' title="bbox 98 3613 1235 3693; baseline -0.003 -19"><span class='ocrx_word' id='word_1_323' title='bbox 98 3636 191 3674; x_wconf 74' lang='lat' dir='ltr'>nucea</span> <span class='ocrx_word' id='word_1_324' title='bbox 215 3614 375 3683; x_wconf 84' lang='lat' dir='ltr'>Avellanaa,</span> <span class='ocrx_word' id='word_1_325' title='bbox 400 3614 449 3674; x_wconf 90' lang='lat' dir='ltr'>vel</span> <span class='ocrx_word' id='word_1_326' title='bbox 471 3614 569 3692; x_wconf 86' lang='lat' dir='ltr'>potina</span> <span class='ocrx_word' id='word_1_327' title='bbox 590 3634 639 3673; x_wconf 85' lang='lat' dir='ltr'>rea</span> <span class='ocrx_word' id='word_1_328' title='bbox 659 3614 773 3672; x_wconf 90' lang='lat' dir='ltr'>minimi</span> <span class='ocrx_word' id='word_1_329' title='bbox 797 3613 893 3693; x_wconf 75' lang='lat' dir='ltr'>pretiI,</span> <span class='ocrx_word' id='word_1_330' title='bbox 919 3614 1020 3692; x_wconf 86' lang='lat' dir='ltr'>quales</span> <span class='ocrx_word' id='word_1_331' title='bbox 1044 3628 1113 3674; x_wconf 84' lang='lat' dir='ltr'>sunt</span> <span class='ocrx_word' id='word_1_332' title='bbox 1136 3632 1235 3672; x_wconf 84' lang='lat' dir='ltr'>nucea.</span> 
     </span>
     <span class='ocr_line' id='line_1_33' title="bbox 96 3711 1234 3793; baseline -0.002 -22"><span class='ocrx_word' id='word_1_333' title='bbox 96 3733 196 3771; x_wconf 71' lang='lat' dir='ltr'>assem</span> <span class='ocrx_word' id='word_1_334' title='bbox 215 3723 342 3793; x_wconf 58' lang='lat' dir='ltr'>rogatam*</span> <span class='ocrx_word' id='word_1_335' title='bbox 358 3712 441 3773; x_wconf 87' lang='lat' dir='ltr'>more</span> <span class='ocrx_word' id='word_1_336' title='bbox 460 3713 615 3781; x_wconf 79' lang='lat' dir='ltr'>infantum,</span> <span class='ocrx_word' id='word_1_337' title='bbox 637 3713 688 3791; x_wconf 88' lang='lat' dir='ltr'>qui</span> <span class='ocrx_word' id='word_1_338' title='bbox 703 3711 864 3790; x_wconf 87' lang='lat' dir='ltr'>crepundia</span> <span class='ocrx_word' id='word_1_339' title='bbox 876 3724 975 3772; x_wconf 89' lang='lat' dir='ltr'>amant</span> <span class='ocrx_word' id='word_1_340' title='bbox 988 3724 1129 3781; x_wconf 73' lang='lat' dir='ltr'>etonem,</span> <span class='ocrx_word' id='word_1_341' title='bbox 1151 3730 1234 3769; x_wconf 82' lang='lat' dir='ltr'>num·</span> 
     </span>
     <span class='ocr_line' id='line_1_34' title="bbox 95 3809 1237 3889; baseline -0.004 -20"><span class='ocrx_word' id='word_1_342' title='bbox 95 3810 209 3880; x_wconf 68' lang='lat' dir='ltr'>mulos,</span> <span class='ocrx_word' id='word_1_343' title='bbox 227 3822 340 3889; x_wconf 56' lang='lat' dir='ltr'>panna</span> <span class='ocrx_word' id='word_1_344' title='bbox 351 3825 391 3870; x_wconf 87' lang='lat' dir='ltr'>ut</span> <span class='ocrx_word' id='word_1_345' title='bbox 404 3832 438 3870; x_wconf 86' lang='lat' dir='ltr'>ea</span> <span class='ocrx_word' id='word_1_346' title='bbox 451 3823 568 3870; x_wconf 58' lang='lat' dir='ltr'>emant&gt;</span> <span class='ocrx_word' id='word_1_347' title='bbox 600 3811 645 3869; x_wconf 85' lang='lat' dir='ltr'>cf.</span> <span class='ocrx_word' id='word_1_348' title='bbox 659 3812 698 3869; x_wconf 89' lang='lat' dir='ltr'>ad</span> <span class='ocrx_word' id='word_1_349' title='bbox 712 3810 887 3881; x_wconf 80' lang='lat' dir='ltr'>XIV,&#39;208.</span> <span class='ocrx_word' id='word_1_350' title='bbox 901 3810 931 3867; x_wconf 91' lang='lat' dir='ltr'>in</span> <span class='ocrx_word' id='word_1_351' title='bbox 945 3810 1014 3871; x_wconf 83' lang='lat' dir='ltr'>Var.</span> <span class='ocrx_word' id='word_1_352' title='bbox 1029 3810 1111 3869; x_wconf 86' lang='lat' dir='ltr'>Leet.</span> <span class='ocrx_word' id='word_1_353' title='bbox 1193 3809 1237 3864; x_wconf 84' lang='lat' dir='ltr'>in·</span> 
     </span>
     <span class='ocr_line' id='line_1_35' title="bbox 78 3910 1026 3993; baseline -0.002 -22"><span class='ocrx_word' id='word_1_354' title='bbox 78 3913 333 3993; x_wconf 74' lang='lat' dir='ltr'>samparaaitas,</span> <span class='ocrx_word' id='word_1_355' title='bbox 348 3912 701 3991; x_wconf 83' lang='lat' dir='ltr'>blandieaaetappetena</span> <span class='ocrx_word' id='word_1_356' title='bbox 713 3910 856 3970; x_wconf 85' lang='lat' dir='ltr'>eibomm.</span> <span class='ocrx_word' id='word_1_357' title='bbox 1025 3920 1026 3925; x_wconf 77' lang='grc'>’</span> 
     </span>
     <span class='ocr_line' id='line_1_36' title="bbox 138 4006 1239 4086; baseline -0.004 -17"><span class='ocrx_word' id='word_1_358' title='bbox 138 4010 311 4071; x_wconf 78' lang='grc'><strong>146-155.</strong></span> <span class='ocrx_word' id='word_1_359' title='bbox 333 4010 411 4069; x_wconf 72' lang='lat' dir='ltr'>Hae</span> <span class='ocrx_word' id='word_1_360' title='bbox 424 4010 461 4068; x_wconf 88' lang='lat' dir='ltr'>ad</span> <span class='ocrx_word' id='word_1_361' title='bbox 475 4028 605 4069; x_wconf 80' lang='lat' dir='ltr'>maneam</span> <span class='ocrx_word' id='word_1_362' title='bbox 620 4006 777 4067; x_wconf 75' lang='lat' dir='ltr'>secundam</span> <span class='ocrx_word' id='word_1_363' title='bbox 788 4017 928 4086; x_wconf 77' lang='lat' dir='ltr'>spectant.</span> <span class='ocrx_word' id='word_1_364' title='bbox 1015 4006 1122 4075; x_wconf 73' lang='lat' dir='ltr'>Vilibus</span> <span class='ocrx_word' id='word_1_365' title='bbox 1131 4006 1239 4076; x_wconf 64' lang='lat' dir='ltr'>amiam,</span> 
     </span>
    </p>
   </div>
   <div class='ocr_carea' id='block_1_5' title="bbox 93 4104 1237 4190">
    <p class='ocr_par' dir='ltr' id='par_1_5' title="bbox 93 4104 1237 4190">
     <span class='ocr_line' id='line_1_37' title="bbox 93 4104 1237 4190; baseline -0.006 -20"><span class='ocrx_word' id='word_1_366' title='bbox 93 4110 265 4181; x_wconf 73' lang='lat' dir='ltr'>clientibus,</span> <span class='ocrx_word' id='word_1_367' title='bbox 282 4110 326 4187; x_wconf 89' lang='lat' dir='ltr'>(v.</span> <span class='ocrx_word' id='word_1_368' title='bbox 340 4108 380 4168; x_wconf 90' lang='lat' dir='ltr'>ad</span> <span class='ocrx_word' id='word_1_369' title='bbox 393 4129 424 4170; x_wconf 84' lang='lat' dir='ltr'>v.</span> <span class='ocrx_word' id='word_1_370' title='bbox 440 4111 522 4187; x_wconf 88' lang='grc'><strong>108.)</strong></span> <span class='ocrx_word' id='word_1_371' title='bbox 612 4116 756 4190; x_wconf 76' lang='lat' dir='ltr'>ponentur,</span> <span class='ocrx_word' id='word_1_372' title='bbox 777 4117 972 4186; x_wconf 84' lang='lat' dir='ltr'>apponentur,</span> <span class='ocrx_word' id='word_1_373' title='bbox 982 4104 1075 4184; x_wconf 82' lang='lat' dir='ltr'>sangi</span> <span class='ocrx_word' id='word_1_374' title='bbox 1095 4104 1237 4184; x_wconf 73' lang='lat' dir='ltr'>ancipites,</span> 
     </span>
    </p>
   </div>
   <div class='ocr_carea' id='block_1_6' title="bbox 94 4311 1237 4475">
    <p class='ocr_par' dir='ltr' id='par_1_6' title="bbox 94 4311 1237 4475">
     <span class='ocr_line' id='line_1_38' title="bbox 123 4311 1237 4413; baseline -0.004 -12"><span class='ocrx_word' id='word_1_375' title='bbox 123 4354 145 4383; x_wconf 76' lang='lat'>¹⁹</span> <span class='ocrx_word' id='word_1_376' title='bbox 162 4352 248 4401; x_wconf 81' lang='lat' dir='ltr'>scoot.</span> <span class='ocrx_word' id='word_1_377' title='bbox 271 4360 318 4399; x_wconf 83' lang='lat' dir='ltr'>vet.</span> <span class='ocrx_word' id='word_1_378' title='bbox 342 4354 505 4401; x_wconf 78' lang='lat' dir='ltr'>armilaaaiam</span> <span class='ocrx_word' id='word_1_379' title='bbox 517 4311 659 4413; x_wconf 38' lang='lat' dir='ltr'>&#39;prasinam</span> <span class='ocrx_word' id='word_1_380' title='bbox 691 4348 786 4397; x_wconf 77' lang='lat' dir='ltr'>adbist.</span> <span class='ocrx_word' id='word_1_381' title='bbox 799 4355 865 4410; x_wconf 79' lang='lat' dir='ltr'>Aug.</span> <span class='ocrx_word' id='word_1_382' title='bbox 877 4350 966 4409; x_wconf 63' lang='lat' dir='ltr'>poda</span> <span class='ocrx_word' id='word_1_383' title='bbox 982 4346 1093 4411; x_wconf 77' lang='lat' dir='ltr'>Rutgem.</span> <span class='ocrx_word' id='word_1_384' title='bbox 1106 4345 1237 4395; x_wconf 76' lang='lat' dir='ltr'>Vaabeet.</span> 
     </span>
     <span class='ocr_line' id='line_1_39' title="bbox 94 4412 1177 4475; baseline -0.006 -11"><span class='ocrx_word' id='word_1_385' title='bbox 94 4422 216 4467; x_wconf 58' lang='lat' dir='ltr'>atiniae.</span> <span class='ocrx_word' id='word_1_386' title='bbox 253 4417 295 4466; x_wconf 81' lang='lat' dir='ltr'>ct.</span> <span class='ocrx_word' id='word_1_387' title='bbox 309 4414 657 4465; x_wconf 56' lang='lat' dir='ltr'>hermeatones-lma</span> <span class='ocrx_word' id='word_1_388' title='bbox 693 4414 799 4472; x_wconf 83' lang='lat'>111‚1⁵.</span> <span class='ocrx_word' id='word_1_389' title='bbox 816 4412 1177 4475; x_wconf 78' lang='lat' dir='ltr'>vl,1³.etsup.ao111.67.</span> 
     </span>
    </p>
   </div>
   <div class='ocr_carea' id='block_1_7' title="bbox 665 4500 721 4547">
    <p class='ocr_par' dir='ltr' id='par_1_7' title="bbox 665 4500 721 4547">
     <span class='ocr_line' id='line_1_40' title="bbox 665 4500 721 4547; baseline -0.036 0"><span class='ocrx_word' id='word_1_390' title='bbox 665 4500 721 4547; x_wconf 68' lang='grc' dir='ltr'>ΜΞ</span> 
     </span>
    </p>
   </div>
   <div class='ocr_carea' id='block_1_8' title="bbox 0 0 1567 5250">
    <p class='ocr_par' dir='ltr' id='par_1_8' title="bbox 0 0 1567 5250">
     <span class='ocr_line' id='line_1_41' title="bbox 0 0 1567 5250; baseline 0 0"><span class='ocrx_word' id='word_1_391' title='bbox 0 0 1567 5250; x_wconf 95' lang='lat' dir='ltr'> </span> 
     </span>
    </p>
   </div>
  </div>
 </body>
</html>
