3100 5250
470 448 523 514 IN
544 448 707 516 JUVEN.
733 450 834 518 SAT.
860 453 906 517 X.
1186 464 1251 529 453

118 624 265 687 soltantm
278 633 399 703 propter
411 624 503 703 spolia
516 624 617 703 opina,
633 626 676 703 (b.
690 646 716 685 e.
729 634 775 685 tot
794 636 947 703 tantasque
967 628 1116 710 victorias)
1139 632 1187 693 vel
1207 636 1249 698 ad⁴

117 726 282 787 atiemtem.
297 762 339 777 -
351 733 420 787 282.
433 726 469 785 rie
481 746 567 787 carra
586 728 744 800 Teutonico,
758 748 818 810 quo
832 728 993 790 vehebatur
1006 730 1191 815 triumphans
1211 739 1249 798 de

121 827 307 887 Teutonibua.

149 926 321 989 sssssaso.
353 930 408 991 Cn.
430 928 580 1009 Pompeias
606 930 736 1008 Magnas
764 930 890 1009 Neapoli
917 931 948 990 in
975 934 1136 1013 Campania
1162 940 1245 1017 μηνί

115 1029 256 1088 laborabat
269 1030 355 1100 febri,
370 1031 422 1090 sed
434 1031 557 1111 optanda
570 1052 605 1091 ac
618 1031 746 1103 salutari,
767 1050 857 1110 quam
871 1030 897 1091 ei
912 1032 1019 1092 dedisse
1031 1033 1079 1094 nel
1092 1035 1246 1099 immisisse

117 1126 203 1185 videri
214 1137 330 1205 poterat
343 1128 503 1208 Campania
512 1128 643 1208 pronicio,
659 1127 742 1207 quasi
754 1127 922 1205 providens
935 1128 1011 1189 mala
1023 1130 1078 1209 ipsi
1093 1132 1247 1194 imminen-

116 1227 161 1297 tia,
180 1228 208 1286 la
220 1249 244 1287 e.
265 1248 408 1319 prospera
421 1250 482 1289 sora
496 1230 537 1289 ita
550 1230 628 1300 tulit,
648 1239 684 1289 at
702 1228 832 1307 graviter
851 1240 1006 1308 aegrotaret
1027 1233 1171 1313 Neapolis
1194 1236 1245 1297 sed

115 1338 170 1387 oda
183 1329 310 1408 pellica,
331 1351 350 1389 a
368 1331 462 1389 miritis
482 1331 596 1391 urbibus
616 1351 671 1409 pro
690 1330 755 1410 ejus
768 1331 890 1391 sanitate
905 1344 1054 1413 concepta,
1076 1337 1207 1411 vicerant,
1228 1360 1246 1402 a

114 1428 162 1485 diis
172 1429 313 1489 exaudita
330 1430 527 1507 perfecerunt,
548 1442 583 1489 ut
595 1450 632 1489 ex
647 1431 751 1490 morbo
764 1432 997 1493 convalesceret:
1018 1434 1105 1515 igitar
1119 1438 1245 1515 Fortuna

114 1531 225 1591 adversa
244 1532 355 1593 multas
375 1542 406 1592 et
424 1533 480 1613 ipsi
492 1543 523 1592 et
540 1533 613 1595 Urbi
632 1533 803 1613 importavit
822 1536 999 1597 calamitates
1013 1540 1150 1619 fecitque,
1171 1554 1206 1603 ut
1217 1542 1245 1601 el

115 1627 204 1687 rictoa
215 1629 333 1688 Coeaare
345 1628 376 1691 in
389 1650 492 1709 pogna
504 1628 671 1691 Pharsalica
682 1641 715 1691 et
726 1631 765 1690 ad
781 1632 981 1717 Ptolemaeum,
995 1637 1121 1717 AEgypti
1134 1658 1245 1717 regem,

115 1730 470 1809 anianaemerito,
483 1736 624 1814 praeno
637 1733 729 1813 ragio,
743 1734 1052 1815 nasammonas
1065 1738 1125 1797 mo.
1139 1713 1245 1818 filans

113 1832 267 1909 auferretur
280 1844 365 1919 capnt
378 1846 524 1908 armatam
537 1838 576 1898 ad
589 1838 667 1897 hane
680 1836 873 1915 ignominiam
886 1838 1138 1920 calamitatemque
1151 1858 1244 1901 reser-

112 1947 203 1996 vatam
223 1938 275 1997 vel
294 1950 443 2001 seranum
462 1940 494 1997 iia
507 1939 668 1998 adventum
682 1938 813 1997 Coeaario.
856 1940 1005 2017 (nonanta
1018 1944 1117 2014 rionis
1130 1943 1245 2021 κιφαλῆυ

110 2044 271 2112 maome
290 2045 312 2101 ot
331 2047 386 2123 ngr
407 2041 525 2103 nbaotv
543 2043 681 2118 ἐφύλασσον
702 2042 822 2120 καίσαρι,
844 2042 879 2105 ia
898 2043 939 2099 tat
957 2044 1092 2122 nnlrror
1110 2046 1243 2119 &anfion
1287 2120 1289 2125 ,

111 2142 232 2219 Appiam.
254 2141 325 2201 bell.
346 2141 402 2201 cir.
424 2141 467 2210 ΙΙ,
482 2140 529 2200 86.
543 2143 604 2220 pr.)
625 2158 654 2197 v.
669 2139 747 2199 Plat.
769 2140 821 2199 vit.
837 2140 977 2218 Pompeii,
998 2142 1128 2220 Appian.
1141 2146 1171 2203 b.
1186 2144 1243 2205 civ·
1342 2182 1344 2189 ›

113 2240 144 2313 11,
163 2241 303 2310 76-86.
323 2250 374 2312 90.
395 2242 469 2301 Plio.
490 2238 909 2312 V,1s.vl1,26.1210r.1t¹‚
926 2248 972 2301 ll.
1014 2242 1074 2301 Dio
1094 2244 1177 2303 XLI.
1198 2264 1244 2323 pr.

110 2344 183 2403 eoos.
199 2344 290 2403 simil.
305 2344 368 2404 loca
382 2345 482 2405 Senec.
495 2342 613 2402 Concol.
623 2341 661 2402 ad
676 2342 767 2401 Maro
783 2360 808 2401 c.
819 2341 986 2401 novellat.
1003 2340 1045 2415 11,
1061 2350 1110 2402 48.
1124 2354 1154 2402 et
1167 2344 1244 2424 inpr.
1281 2352 1287 2365 “

112 2443 167 2501 tic:
182 2442 276 2500 Tusc.
297 2446 355 2513 Qu.
378 2442 404 2512 1,
425 2450 474 2501 85.
494 2441 574 2500 unde
595 2440 677 2501 locas
697 2451 797 2501 noaoer
816 2440 968 2500 desumtus
992 2450 1045 2501 est.
1086 2442 1244 2519 Pompeius

111 2554 210 2613 samm,
224 2549 327 2601 tantos
340 2541 394 2611 vir,
416 2542 468 2621 qui
481 2552 541 2601 tres
553 2536 645 2619 gessit
657 2540 825 2600 consolatos
838 2536 1020 2619 totidemque
1033 2541 1192 2620 triumphis
1206 2562 1243 2602 ex

110 2643 199 2701 tribas
216 2642 297 2701 orbis
309 2651 451 2701 terraram
474 2640 720 2719 pambueralma
734 2640 840 2720 Magni
859 2659 1022 2718 cognomen
1041 2642 1096 2700 sibi
1116 2642 1241 2720 peperit,

110 2736 293 2799 obtroncatua
312 2751 358 2800 est
376 2739 473 2818 pridie
492 2738 596 2798 mmlia
611 2739 665 2811 ani,
678 2737 956 2816 duodesexageaimi.
969 2758 998 2796 v.
1013 2736 1117 2797 Vellei.
1133 2739 1175 2811 11,
1192 2746 1239 2802 58.

113 2850 143 2898 et
162 2839 232 2900 Pina
242 2877 282 2890 -
292 2840 363 2901 286.
374 2841 430 2900 cf.
444 2841 546 2900 Barth.
559 2841 684 2900 Advcra
700 2841 755 2912 tx,
773 2847 819 2900 141
834 2840 885 2919 qai
904 2852 1022 2919 poetam
1035 2841 1072 2898 ad
1087 2841 1174 2899 Corn.
1190 2841 1242 2901 Se·

112 2943 169 3001 veri
188 2963 290 3004 veram
307 2942 439 3003 allusisse
458 2943 669 3022 auspicabatur.
689 2949 759 3009 287.
784 2943 816 3000 P.
837 2941 924 3002 Coro.
945 2941 1081 3004 Lentnlna
1102 2943 1241 3016 Sora‚·P.

111 3042 245 3120 principia
258 3042 382 3101 Senatm
395 3060 496 3120 nepos,
511 3041 563 3120 qai
577 3062 604 3100 a.
619 3043 656 3102 U.
671 3040 740 3102 682.
755 3039 866 3103 Consul
879 3041 984 3110 fuerat,
999 3051 1030 3100 et
1043 3042 1079 3103 C.
1094 3040 1240 3119 Cethegus,

113 3145 174 3204 socii
188 3144 329 3205 Catilina.
342 3165 372 3205 r.
385 3145 423 3204 ad
437 3141 526 3215 vm,
541 3151 610 3204 281.
691 3145 808 3223 Integer
828 3152 853 3204 et
873 3144 1009 3204 mdasera
1028 3152 1091 3212 toto,
1111 3161 1172 3201 non
1190 3145 1241 3202 ab.

114 3248 177 3306 aaa
188 3247 286 3326 eapite
304 3248 353 3307 vel
373 3265 497 3326 corpore
508 3259 653 3316 nonesto,
673 3259 708 3305 ut
728 3247 893 3326 Pompeios.
937 3245 1080 3304 Lentulus
1093 3254 1124 3303 et
1137 3243 1240 3304 Cethe·

115 3369 164 3425 gna
177 3351 262 3429 jassa
281 3350 429 3410 Ciceronis
449 3348 481 3407 in
501 3369 616 3409 earcere
634 3349 730 3408 necati
750 3362 838 3419 sunt3
859 3346 1033 3430 cronno-in
1052 3346 1115 3407 acie
1127 3347 1240 3408 fortiter

119 3471 240 3530 pugnans
260 3471 328 3513 eom
348 3453 411 3514 suia
426 3452 522 3532 pariit.
543 3470 572 3511 r.
593 3450 721 3531 Appiam
736 3449 803 3509 bell.
818 3449 874 3508 civ.
890 3449 931 3520 11,
947 3447 976 3521 6,
999 3457 1026 3517 7.
1048 3447 1125 3509 Flor.
1142 3448 1195 3519 IV,
1212 3458 1239 3509 1.

116 3533 221 3612 sanin.
234 3563 265 3612 et
278 3552 316 3612 al.
358 3551 476 3612 Horam
497 3553 596 3631 itaque
615 3549 745 3611 conditio
763 3560 795 3608 et
813 3567 893 3608 mors
912 3547 1009 3608 minua
1021 3551 1125 3609 acerba
1137 3548 1197 3608 fuit
1209 3558 1240 3609 et

117 3646 305 3725 ignominiosa,
326 3671 416 3730 quam
438 3650 580 3729 PompeiI,
601 3648 655 3709 etsi
675 3648 700 3708 ia
714 3657 812 3706 tantus
826 3646 872 3704 vir
885 3645 943 3706 fuit
956 3656 986 3706 et
998 3646 1042 3706 illi
1062 3657 1164 3708 contra
1177 3665 1239 3708 rem

117 3749 252 3823 publicam
273 3751 501 3829 conjurarunt·

150 3855 315 3920 289-845.
335 3849 439 3910 For-raa
453 3849 557 3930 pulcra
569 3849 657 3908 etiam
672 3845 773 3906 multia
787 3843 911 3924 injuriis,
925 3844 1105 3924 corruptioni
1118 3843 1241 3922 aliisque

116 3948 243 4024 ommno
253 3951 383 4012 obnoxia
391 3952 527 4030 adeoque
539 3969 600 4010 noa
613 3948 778 4026 exoptanda
798 3957 851 4007 est.
931 3946 1090 4015 Mannare,
1111 3964 1239 4014 susurra

119 4051 267 4135 balmensi,
287 4057 412 4116 obscura
432 4075 506 4114 voce
517 4053 595 4113 intra
606 4051 710 4111 dentes
722 4051 821 4120 edita3
841 4070 900 4128 quo
914 4059 982 4108 vota
1001 4067 1105 4126 parum
1121 4048 1242 4107 honesta

118 4154 304 4236 doigoantur.
317 4180 347 4218 v.
360 4158 403 4219 acl
414 4157 468 4226 Vl,
484 4163 553 4223 589.
580 4153 742 4214 Ardentiaa
754 4161 853 4212 autem
867 4149 1018 4228 magisque
1026 4148 1139 4228 puellis,
1154 4169 1242 4228 quam

115 4258 200 4332 poeria
208 4248 335 4338 sinnam
349 4257 481 4337 pulcram
496 4262 682 4334 optatorum,
696 4252 834 4332 quoniam
849 4271 883 4312 ea
897 4249 995 4310 utilior
1009 4259 1054 4308 est
1071 4246 1137 4318 illis,
1152 4267 1241 4328 quam

118 4355 174 4430 hia3
202 4362 281 4421 ande
301 4361 331 4420 h.
352 4361 373 4418 l.
394 4357 513 4438 egregie
534 4356 635 4434 majori
654 4355 791 4416 rnarrnori
812 4353 972 4434 opponitur
992 4351 1131 4412 modicum.
1173 4359 1240 4420 290.

121 4472 201 4530 qaam,
216 4457 339 4535 quoties,
357 4456 439 4525 videt,
458 4455 529 4528 adit,
542 4451 647 4530 fanano
666 4451 789 4526 Veneris,
811 4472 877 4530 quae
890 4461 920 4512 et
932 4448 1108 4530 pulcerrima
1120 4447 1242 4508 dearum

146 4551 204 4601 Vos..
219 4555 257 4604 11.
649 4549 669 4598 F
685 4551 699 4598 i
