3100 5250
607 441 1011 517 COMMENTARIUS

253 638 286 686 et
304 620 393 704 quam
419 625 584 697 onerosum,
608 625 765 696 adurendi,
793 591 970 697 deducendi,
998 615 1170 682 occurrendi
1197 631 1254 680 cet.
1286 617 1334 677 Cl.
1356 610 1401 676 ad

255 730 300 799 II,
313 735 380 788 132.
462 727 596 798 mum,
622 730 787 807 proemium.
840 749 875 787 ne
895 727 973 786 nobis
993 725 1135 795 blandior,
1156 733 1191 782 ut
1216 741 1322 781 verum
1349 720 1403 779 di-

254 847 329 889 cum·
407 835 491 886 curet
511 833 633 906 togatm,
655 845 769 906 pauper
795 827 896 897 cllens,
919 828 961 904 (v.
975 825 1014 884 sd
1029 825 1053 894 I,
1071 822 1135 902 96.)
1163 829 1241 882 nocte
1268 837 1398 890 currem

254 927 370 988 mmmo
389 946 475 986 mune
497 925 656 986 salutatum
679 927 722 984 ire
742 945 778 984 ec
802 921 946 1004 sportulas
965 936 1065 1003 petere
1076 946 1087 993 3
1115 921 1254 1000 quod'et
1281 920 1397 979 Protor

256 1029 334 1089 lucit
376 1013 501 1088 Currere
519 1028 645 1105 cogitur,
658 1046 698 1086 ne
711 1027 823 1088 Pretor
837 1026 997 1107 sportulam
1010 1025 1039 1084 ei
1053 1025 1212 1104 preripht.
1253 1023 1301 1086 Cf,
1313 1021 1352 1082 sd
1367 1021 1397 1091 1,

255 1128 295 1198 96
306 1147 368 1207 seq.
382 1126 510 1187 Martial.
525 1126 588 1198 111,
602 1126 650 1186 86.
665 1126 720 1199 1v,
735 1134 764 1185 8.
778 1128 818 1199 X,
833 1133 881 1186 88.
925 1125 1018 1185 Possit
1030 1124 1118 1184 enum
1131 1123 1162 1183 h.
1175 1123 1195 1182 I.
1210 1131 1322 1203 rogatu
1333 1139 1402 1181 esse

254 1215 374 1300 amicus,
398 1229 450 1309 qui
473 1249 534 1288 non
558 1229 622 1307 ipse
643 1240 801 1307 patronum
819 1229 935 1298 sulutst,
957 1229 1010 1288 sed
1030 1227 1225 1287 salutaturum
1242 1229 1401 1287 Pratum

254 1330 410 1392 comitatur
422 1327 470 1389 vel
483 1329 833 1399 sectatur,'auteambulo,
848 1337 959 1408 togam
972 1336 1037 1388 unte
1046 1327 1133 1406 pedet
1146 1325 1221 1396 VII,
1238 1333 1304 1387 142.
1344 1307 1401 1386 CI.

256 1431 385 1491 Martial.
399 1430 442 1501 II,
459 1437 507 1490 18.
521 1430 583 1500 111,
597 1438 625 1498 7.
638 1441 670 1490 et
684 1431 722 1500 X,
737 1438 787 1501 74,
804 1439 818 1490 1
832 1451 895 1510 seq.
941 1431 1076 1509 Tugulus,
1098 1429 1169 1507 quie
1188 1428 1263 1488 clvis
1278 1439 1321 1488 est
1335 1427 1400 1487 110·

256 1551 381 1592 menusr
399 1550 468 1590 num
487 1531 551 1590 sine
570 1541 641 1610 tuga
653 1532 731 1592 forae
744 1532 788 1592 ire
801 1532 975 1592 indecorum
988 1529 1143 1590 videbatur
1152 1551 1163 1600 ς
1184 1528 1262 1588 Ach.
1342 1527 1400 1585 At-
1516 1541 1517 1550 ¹

257 1633 324 1692 liro
337 1644 368 1692 et
380 1631 480 1693 Modiu
493 1643 634 1692 matrone
653 1633 729 1693 orboe
746 1654 782 1694 ac
802 1633 918 1702 divites,
939 1653 1013 1712 quas
1036 1643 1066 1691 et
1093 1633 1204 1692 Proetor
1228 1630 1346 1702 selutut,
1368 1637 1405 1688 ut
1516 1635 1517 1660 ³

258 1731 403 1812 sportulas
422 1743 504 1811 petat
522 1745 553 1791 et
572 1733 661 1792 simul
683 1734 760 1792 forte
783 1733 976 1793 hereditatem
998 1741 1105 1810 captet.
1186 1729 1304 1810 oullegn,
1327 1728 1404 1788 alius

261 1832 383 1904 Praetor,
406 1831 603 1910 sportularum
623 1833 806 1911 competitor.
851 1839 917 1892 181.
940 1831 1011 1901 Hic,
1036 1831 1149 1900 Romae,
1161 1829 1250 1908 filius
1270 1829 1406 1908 ingenuo·
1516 1871 1517 1900 ,

260 1949 331 1998 euru,
348 1930 505 2009 ingenuus,
518 1929 624 1991 claruit
638 1929 805 2002 Ιαίνειινυί,
820 1931 959 2000 libertini,
982 1930 1049 2007 (qui
1069 1949 1164 2007 nuper
1184 1927 1284 1988 servus
1306 1927 1408 1986 suerat

260 2040 292 2088 et
310 2020 430 2088 servilei
448 2029 581 2089 noudum
600 2049 696 2089 mores
716 2029 816 2090 exuit:
839 2029 919 2090 unde
937 2029 1028 2088 etiem
1042 2047 1122 2088 nunc
1135 2047 1229 2088 seruus
1240 2025 1315 2086 salse
1329 2025 1405 2084 ‹lici-
1451 2071 1456 2082 .

260 2133 324 2210 tur)
347 2130 451 2202 diruis,
474 2131 513 2190 sd
536 2132 601 2210 ejus
625 2144 670 2192 est
692 2133 780 2203 lutus,
806 2152 875 2192 eum
894 2132 1068 2202 comitatum
1091 2131 1195 2210 (qualis
1213 2149 1312 2190 comes
1332 2129 1406 2188 hiuc

261 2235 337 2292 lotus
349 2233 458 2292 dicitur
471 2233 558 2292 Mart.
573 2235 616 2303 II,
630 2234 680 2305 46,
695 2241 723 2294 8.
743 2246 774 2294 et
788 2235 843 2304 VI,
858 2234 908 2306 68,
923 2238 966 2314 4.)
991 2233 1038 2292 vel
1058 2235 1166 2312 potius,
1187 2233 1226 2292 sd
1246 2231 1406 2304 sinistram,
1516 2243 1517 2260 ¹

262 2337 365 2406 laevus,
377 2335 444 2396 loco
457 2337 653 2396 inhonestiora
666 2337 786 2408 incedit,
800 2357 861 2416 quo
874 2357 961 2397 sensu
975 2337 1051 2395 latur
1068 2337 1190 2414 ateuju
1209 2334 1341 2395 claudere
1359 2332 1407 2391 'vel

265 2448 370 2518 tegere,
390 2439 468 2498 larue
481 2439 568 2498 alicui
585 2440 700 2498 dorcet
712 2440 872 2499 uudorem
885 2459 944 2500 este
955 2439 1064 2520 passim
1077 2439 1194 2499 dicitur.
1235 2438 1284 2501 CI.
1300 2439 1406 2498 Horat.

264 2541 325 2600 Sat
340 2539 383 2613 ΙΙ,
397 2547 427 2608 5,
443 2549 491 2607 17.
507 2547 553 2598 18.
566 2552 598 2600 et
611 2540 693 2619 Lips.
707 2541 801 2601 Elect.
817 2542 860 2612 II,
879 2551 907 2602 2.

203 2648 209 2655 ‘
307 2644 364 2698 132
379 2657 440 2715 seq.
460 2637 543 2711 ouer,
558 2657 619 2697 non
635 2638 713 2699 filius
727 2641 849 2719 ingenui
864 2642 1039 2714 luxuriosus,
1054 2642 1106 2703 sed
1119 2660 1216 2704 tentus
1228 2642 1312 2703 diuo.
1334 2640 1407 2701 Sen-

263 2740 814 2819 tentiuh.l.etrstio,spoemsllsta,
831 2745 972 2807 hoeoest:
992 2744 1406 2813 namilleservusdivesest,

265 2843 413 2922 ingenuus
432 2862 503 2901 vero
521 2862 643 2922 pauper.
686 2844 775 2905 Hanc
790 2848 949 2918 notionem,
965 2869 1047 2909 more
1061 2870 1115 2909 suo
1129 2860 1160 2908 et
1173 2858 1333 2928 poetarum,
1346 2862 1408 2904 ¹¹0ss

267 2944 451 3026 generaliter,
472 2944 526 3005 sed
549 2945 714 3024 specialiter
739 2950 891 3028 expressit.
939 2952 1126 3011 Tribunorum
1152 2950 1278 3010 militum
1304 2947 1409 3007 celeria
1516 3012 1517 3021 χ

266 3048 417 3129 proverbii
437 3048 519 3108 velut
537 3048 602 3107 loco
621 3069 676 3127 pro
695 3070 804 3129 magna
818 3054 950 3130 pecuniae
966 3074 1081 3113 summa
1093 3065 1244 3133 ponuntur
1256 3051 1345 3111 etism
1358 3070 1406 3130 up.

268 3154 343 3212 Plin.
359 3152 505 3223 XXXIV,
520 3160 549 3211 3.
590 3152 706 3247 Eorum
724 3154 903 3233 stipendium
925 3177 943 3215 a
965 3158 1147 3234 temporibus
1165 3154 1337 3224 Domitiani,
1357 3153 1408 3231 qui

170 3315 173 3320 ⁴
267 3275 374 3315 novem
388 3256 494 3328 eureis,
508 3277 582 3335 quos
595 3258 750 3336 gregarius
762 3258 847 3319 miles
860 3256 996 3329 habebat,
1011 3272 1070 3319 tres
1084 3258 1197 3320 addidit
1210 3270 1239 3318 et
1252 3258 1292 3317 sit
1306 3256 1405 3316 omnis

236 3395 240 3404 .
267 3354 350 3414 suxit
373 3354 526 3431 stipendio,
546 3354 680 3415 XLVIII
702 3356 784 3415 aurei
806 3356 999 3427 eruntrnmn
1020 3359 1102 3437 quod
1123 3358 1215 3437 pedes
1237 3356 1407 3435 accipiebat,

270 3451 348 3529 (XII
362 3451 457 3530 aurei)
479 3452 511 3510 id
524 3452 635 3531 duplex
648 3456 822 3525 centurioni
835 3456 944 3535 triplex
958 3458 1061 3535 equiti,
1077 3457 1262 3535 quadruplex
1282 3454 1407 3515 tribuno

269 3552 442 3621 debatur.²⁴‚
522 3552 639 3613 Caluino
659 3567 691 3615 et
719 3556 837 3619 curcua
863 3558 977 3618 nobiles
997 3559 1172 3620 meretrices
1215 3558 1300 3617 Illius
1329 3558 1404 3615 forte

269 3655 382 3715 mentio
402 3655 436 3713 fit
455 3673 501 3731 up.
524 3653 594 3714 Tac.
615 3658 696 3717 Ann.
712 3658 784 3731 XII,
799 3668 827 3719 4.
843 3668 870 3720 8.
892 3662 943 3721 ubi
958 3683 987 3719 r.
1001 3661 1082 3739 Lips.
1104 3663 1149 3720 ef.
1166 3661 1310 3720 Gonsuleu
1325 3681 1343 3719 e
1358 3660 1411 3718 Pe·

268 3766 345 3815 tron.
359 3775 390 3833 p.
405 3760 455 3811 84.
499 3758 565 3810 134.
583 3754 705 3833 palpitet
728 3757 759 3815 h.
785 3758 805 3816 I.
840 3778 926 3818 sensu
955 3760 1092 3819 obscoeno
1114 3760 1231 3819 dicitur.
1312 3768 1344 3817 ut
1372 3766 1412 3827 tr,

270 3858 409 3936 ingenue,
440 3856 491 3934 qui
519 3874 633 3934 pauper
661 3880 701 3919 es.
746 3868 812 3920 135.
835 3862 961 3920 Scortum
989 3862 1113 3921 orditum
1136 3858 1175 3921 sc.
1203 3864 1287 3931 bene,
1310 3861 1412 3927 nitide,

269 3968 408 4027 venuste;
428 3954 486 4014 nisi
508 3952 593 4012 mulis
616 3968 761 4035 togatum,
782 3978 864 4018 more
883 3960 1081 4029 meretricum,
1108 3962 1152 4038 (v.
1165 3960 1204 4019 ad
1219 3958 1244 4029 I,
1260 3957 1308 4028 96.
1323 3968 1357 4018 et
1370 3956 1412 4027 II,

270 4064 334 4136 70.)
353 4080 423 4118 nem
447 4068 513 4139 toga
534 4061 654 4139 proprie
667 4059 751 4118 uectis
764 4060 883 4121 dicitur.
924 4064 970 4121 Ita
984 4062 1096 4122 Ferrar.
1112 4062 1205 4123 Elect.
1218 4062 1261 4131 ΙΙ,
1277 4068 1303 4120 8.
1319 4061 1371 4120 ubi
1385 4070 1415 4118 et

267 4172 358 4232 recte,
373 4162 451 4220 utin
464 4155 590 4223 'schollis
604 4174 685 4233 vett,
701 4182 803 4221 versus
821 4163 886 4224 186.
910 4165 951 4223 ita
970 4164 1150 4244 explicatum
1193 4164 1363 4223 Meretrices
1385 4162 1417 4220 in

303 4342 379 4389 scr.
401 4343 469 4405 ιιι.
487 4346 518 4394 ι.
537 4348 592 4395 nn
608 4347 681 4395 nom.
696 4344 729 4402 v,
743 4350 783 4393 16.
801 4356 825 4393 02
858 4352 882 4394 o.
903 4348 988 4397 neree
1011 4348 1042 4397 au
1063 4310 1361 4397 enititum
1386 4344 1418 4393 ι.

213 4441 219 4449 .
270 4406 331 4469 inpr.
349 4407 370 4454 I.
388 4406 426 4454 Fr.
442 4410 546 4457 Gronov.
559 4412 590 4459 do
609 4412 715 4459 Sestertt.
731 4410 785 4468 III,
798 4417 822 4458 2.
859 4412 929 4461 Mod.
947 4414 1019 4462 Usur.
1033 4429 1055 4462 c.
1069 4420 1090 4462 6.

268 4487 294 4535 p.
311 4477 365 4523 129.
380 4472 421 4520 ubi
431 4472 544 4523 refutauit
558 4477 649 4524 Meum.
667 4476 698 4524 de
714 4474 788 4524 Luxu
804 4490 825 4524 c.
990 4510 994 4517 -

480 4562 494 4599 ‘2
