3100 5250
414 507 467 574 IN
488 507 653 575 JUVEN.
679 509 777 575 SAT.
802 509 860 576 IV.
1153 512 1211 572 ltt

71 701 145 739 arma
159 679 292 752 Albona,
305 682 337 740 lr.
350 703 377 741 e.
390 681 609 763 amphitheatri,
630 685 662 744 in
674 684 793 764 Albano
814 687 855 763 (v.
878 684 916 743 ad
932 703 958 741 v.
974 679 1039 760 60.)
1060 683 1211 756 exstructi,

72 804 129 842 cum
144 784 219 844 feris
232 787 401 864 pugnabat,
414 797 449 845 ut
461 785 504 846 ita
516 807 547 846 se
560 786 722 847 insinuaret
734 788 766 846 in
779 787 902 866 gratiam
919 782 1092 868 Domitiani,
1113 783 1166 863 qui
1179 784 1212 843 In

72 883 182 946 Albano
196 907 320 948 seoemu
337 889 453 947 eximias
464 909 544 968 saepe
556 888 725 949 venationes
744 887 858 959 edebat,
883 899 913 949 et
932 886 995 965 ipse
1015 905 1130 946 summa
1149 897 1212 946 arte

72 984 244 1046 maliciebat
256 987 342 1047 feras
355 1007 383 1045 ι.
396 987 475 1046 Suet.
488 987 578 1047 Dom-
592 1007 618 1047 a.
632 995 660 1046 I
674 998 705 1048 et
721 993 768 1057 19.
777 1021 817 1036 -
829 995 877 1058 99.
898 987 1030 1045 Urmram
1041 983 1210 1063 Libycarum

71 1081 115 1140 rel
131 1082 347 1143 Numidicarum
355 1084 533 1145 mentionem
540 1085 654 1145 faciunt
663 1085 748 1165 Virg.
760 1085 829 1144 AEu.
841 1085 879 1154 V,
895 1091 943 1151 37.
959 1082 1085 1144 Martisl.
1100 1083 1126 1154 I,
1143 1090 1209 1144 105.

72 1183 163 1243 Soliu.
178 1206 203 1244 c.
217 1195 267 1256 29.
283 1186 424 1246 Herodot.
438 1198 470 1248 et
482 1187 547 1268 ipse
559 1187 674 1260 Strabo,
689 1187 741 1248 ubi
755 1187 794 1247 de
808 1185 921 1246 Mauris
936 1186 1005 1266 agit
1047 1185 1106 1246 sed
1120 1207 1210 1256 arsos,

72 1281 221 1359 frigidiore
242 1284 335 1363 plrga
357 1285 532 1364 gaudentes,
557 1285 589 1345 in
600 1287 704 1347 Africa
724 1286 811 1366 gigni
831 1297 861 1348 et
879 1285 1006 1346 Inveniri
1025 1297 1114 1364 negat
1135 1285 1210 1346 Plin.

73 1383 155 1452 VIII,
170 1385 219 1444 36.
239 1397 316 1446 extr.
330 1399 362 1446 et
382 1394 430 1447 58.
444 1398 518 1447 extr.
559 1388 642 1449 Hine
663 1388 744 1448 varia
766 1389 917 1469 conjacere
941 1388 997 1447 viri
1020 1387 1109 1458 doetI,
1136 1408 1164 1447 v.
1185 1408 1211 1448 c.

75 1481 236 1562 Dslemmp.
249 1484 283 1542 in
298 1484 377 1543 Plin.
396 1475 465 1545 'arros
484 1485 642 1572 legendum
663 1507 747 1559 esse,
769 1485 953 1558 Harduinus,
981 1505 1109 1546 errorem
1128 1484 1211 1548 illum

76 1605 111 1642 ex
123 1588 346 1648 commutatione
359 1588 442 1648 vocis
456 1592 563 1668 Amul
577 1589 607 1647 in
622 1588 730 1663 Λιβυκοὶ
741 1599 854 1660 natum,
876 1607 1018 1667 ursosque
1039 1587 1169 1666 Ligynas
1188 1609 1211 1648 s.

77 1685 237 1764 Ligustinus
255 1688 465 1768 intelligendos
488 1711 570 1760 esse3
601 1690 719 1770 Lipsius
744 1709 822 1761 vero,
846 1689 896 1770 qui
917 1689 1033 1768 copiose
1054 1688 1092 1748 de
1104 1689 1161 1752 hae
1171 1707 1212 1751 ‘re

78 1787 196 1847 Elector.
208 1789 261 1849 lrlr.
275 1791 317 1848 11.
332 1811 360 1850 c.
374 1799 404 1850 4.
417 1791 544 1862 disserit,
559 1791 707 1852 Romanos
720 1805 845 1862 veteres,
856 1791 986 1852 advectis
996 1791 1067 1852 ferlo
1080 1793 1211 1871 peregri·

78 1885 126 1956 nis,
138 1889 286 1966 stupuisse
298 1909 467 1969 nomenque
480 1890 516 1950 iis
528 1909 588 1949 non
603 1910 700 1960 suum,
714 1890 767 1950 sed
779 1891 898 1951 obvium
907 1889 1027 1970 aliquod
1040 1901 1071 1952 et
1083 1911 1101 1950 e
1114 1891 1213 1952 vicino

80 2009 126 2048 sno
137 2011 203 2050 rure
215 1991 346 2064 dedisse,
361 1992 494 2071 adeoque
507 1992 598 2052 leones
610 2012 670 2052 nou
682 2005 804 2054 externo
818 1991 1002 2072 iusignirisse
1015 1977 1143 2062 nomine,
1159 1993 1212 2054 sed

79 2093 357 2153 notoetdomestioo
369 2114 460 2166 arros,
484 2093 734 2172 quemadmodum
753 2093 924 2174 elephantos
945 2094 1113 2156 vocaverint
1133 2094 1213 2156 lovea

81 2191 181 2262 Lacus,
194 2194 385 2254 struthiam
397 2216 553 2276 pumera
571 2195 829 2276 camelopardalim
847 2215 920 2254 oron
929 2193 1030 2270 seram
1045 2205 1075 2254 et
1087 2196 1211 2274 panthe-

79 2311 128 2350 ras
138 2313 231 2352 orares
243 2294 396 2374 Afiimnos.
437 2295 597 2356 Enimvero
612 2295 710 2374 Libya
724 2294 866 2356 Romanis
879 2312 985 2372 parum
1003 2303 1073 2352 nota
1091 2305 1162 2364 erat,
1183 2305 1214 2354 et

79 2376 192 2452 serain
206 2395 309 2454 multis
320 2407 438 2474 repertur
457 2397 543 2456 terris
554 2417 590 2456 ac
601 2395 683 2464 loeis,
705 2395 737 2454 iu
750 2395 860 2474 quibua
879 2405 981 2474 postea
999 2393 1103 2454 deleta
1124 2405 1213 2466 sunt;

78 2515 130 2555 nec
141 2508 201 2556 tam
214 2498 408 2576 quaerendum
420 2498 548 2570 videtur,
571 2498 720 2558 fuerintne
739 2498 771 2557 in
791 2497 847 2557 hac
867 2496 947 2558 orbis
965 2508 1109 2558 terrarum
1130 2508 1214 2576 parte

80 2595 146 2665 ursi,
165 2615 254 2675 quam
267 2595 341 2676 quid
354 2608 468 2659 veteres
481 2597 683 2659 crediderint?
714 2597 805 2657 Poeta
821 2616 944 2676 quoque
963 2596 1001 2656 ad
1020 2595 1213 2677 physicorum

79 2694 202 2753 rationes
213 2715 271 2755 non
283 2697 448 2777 exigendus
460 2710 513 2758 est.
543 2699 589 2757 Cf.
604 2698 713 2777 Heyne
726 2697 765 2758 ad
781 2698 862 2777 Virg.
878 2698 944 2757 AEu.
960 2698 996 2768 V,
1012 2706 1059 2766 87.
1080 2698 1213 2759 Numida

82 2792 140 2851 ursi
154 2806 186 2854 ut
198 2794 237 2853 N.
250 2796 341 2855 dones
353 2817 401 2875 ap
415 2797 505 2859 Ovid.
519 2798 560 2855 A:
571 2798 609 2855 A.
625 2798 667 2869 ll,
685 2805 751 2858 183.
772 2797 838 2875 (ubi
854 2818 882 2856 v.
898 2796 1016 2877 Heius.)
1037 2818 1092 2877 pro
1110 2798 1212 2860 Numi-

79 2890 152 2949 dicis.
194 2899 260 2953 100.
274 2901 390 2951 mutor
409 2880 597 2965 amussim
617 2894 756 2965 vestibus,
779 2893 882 2955 saltam
901 2907 981 2973 toga,
997 2907 1031 2953 ut
1050 2895 1213 2973 expeditior

80 3008 154 3065 esset,
168 2996 216 3055 rel
229 2998 388 3057 amentiam
403 2996 562 3057 simularet.
602 2996 674 3068 AIiI,
688 2998 751 3057 sine
762 2998 869 3057 armis:
890 3016 946 3056 nec
960 2996 1072 3076 ignoro,
1095 2996 1136 3055 ita
1148 2998 1214 3055 bes-

79 3092 168 3153 tiarios
179 3093 327 3172 quosdam
345 3114 493 3172 pugnasse
504 3105 535 3155 et
547 3094 732 3173 potissImum
747 3115 806 3160 eos.
829 3094 882 3173 qui
902 3094 1006 3172 capitis
1019 3091 1213 3151 damnatius·

79 3209 144 3255 sent.
156 3218 185 3255 v.
201 3198 262 3255 Dio
277 3199 359 3260 Casa
373 3196 441 3268 Lx,
457 3204 503 3256 13.
519 3196 663 3269 LXXVI,
688 3202 733 3259 10.
757 3199 858 3257 Senes.
875 3197 969 3275 Epist
985 3204 1013 3263 7.
1056 3194 1115 3254 Sed
1135 3216 1215 3255 arros

69 3300 297 3374 flaeieacdicitur.
340 3300 477 3360 Ceterum
491 3300 570 3359 viros
582 3300 652 3359 oIIm
664 3298 870 3369 nobilissimos,
899 3298 946 3357 vel
958 3297 1154 3377 gratificantes
1167 3309 1214 3378 ty·

78 3403 179 3471 tannis,
191 3403 241 3462 vel
250 3405 291 3463 ab
303 3404 339 3463 iis
352 3390 476 3473 coactos,
490 3403 582 3462 immo
595 3414 699 3482 sponte
711 3405 810 3472 diam,
825 3403 856 3460 in
870 3401 1039 3461 venationes
1049 3412 1214 3473 starenam

78 3505 117 3563 ad
132 3514 204 3564 ortes
217 3506 354 3578 soenicas,
368 3506 555 3585 gladiatorias
568 3506 697 3603 aliasque
710 3500 816 3585 parum
829 3496 973 3577 honestas,
987 3524 1055 3583 quse
1069 3505 1138 3566 inde
1146 3527 1215 3567 mox

79 3606 249 3684 σαμιισταῶς
257 3604 388 3683 patricio
400 3604 596 3684 appellantur,
611 3602 805 3673 descendisse,
819 3603 920 3663 monui
934 3604 972 3663 ad
987 3603 1029 3675 11,
1047 3612 1104 3665 143
1117 3626 1176 3684 seq.
1185 3615 1216 3665 et

76 3706 119 3763 ad
134 3704 221 3775 VIII,
237 3714 290 3776 192
305 3728 366 3785 aeq.
383 3714 441 3777 198
457 3728 517 3786 seq.
560 3706 597 3765 ln
610 3705 743 3765 eamdem
759 3704 900 3765 insaniam
914 3706 992 3784 ipsas
1013 3718 1130 3786 quoqne
1150 3728 1215 3765 mu·

75 3802 165 3861 Ileres
178 3803 344 3882 puellasque
358 3804 504 3874 iucidisse,
525 3803 654 3864 vidimus
669 3804 695 3873 I,
709 3810 749 3861 22
763 3822 823 3881 seq.
838 3804 890 3863 ubi
904 3804 941 3863 cf.
957 3815 1018 3864 not.
1028 3838 1070 3851 -
1083 3812 1137 3863 101
1155 3824 1215 3882 seq.

76 3902 195 3960 Profuit
213 3901 282 3961 nihil
295 3903 393 3963 Acilio
407 3902 569 3972 Glabrioni,
590 3902 752 3981 quodcum
772 3901 842 3961 feris
862 3904 1015 3980 pugnavit,
1038 3914 1071 3963 ut
1091 3890 1216 3981 gratiam

73 4003 193 4081 tyranni
206 4017 345 4083 aptaret,
359 4004 509 4084 quodque,
523 4004 660 4083 exemplo
673 4003 768 4072 Bruti,
784 4004 826 4080 (v.
842 4002 908 4061 Liv.
924 4004 949 4075 I,
964 4004 1003 4063 56
1014 4005 1090 4083 seq.)
1105 4003 1216 4063 stolidi-

73 4116 160 4162 tatem
174 4103 334 4173 simulavit,
354 4115 390 4164 ut
404 4115 528 4163 mortem
550 4102 750 4181 sevitiamque
764 4101 926 4162 Domitiani
941 4102 1101 4181 effugeret:
1125 4104 1216 4180 (conf.

73 4206 108 4263 rd
120 4227 149 4263 v.
164 4214 206 4275 94
219 4209 297 4286 seq.)
322 4205 390 4284 quis
412 4205 494 4265 enim
514 4226 593 4266 nunc
607 4209 674 4264 non
693 4204 842 4283 intelligit,
862 4202 926 4265 haee
941 4216 971 4264 et
984 4204 1089 4263 similia
1102 4214 1164 4265 arte
1182 4228 1216 4267 ac

75 4306 136 4366 dolo
149 4308 236 4366 fieri?
267 4320 415 4386 preterea
426 4318 504 4367 artes
516 4306 579 4367 istu
593 4319 654 4366 tam
668 4306 806 4385 vulgares
827 4318 904 4381 sunt,
925 4317 960 4367 ut
979 4326 1066 4365 nemo
1087 4326 1135 4367 eas
1154 4330 1216 4369 um-

77 4407 146 4482 plius
158 4408 346 4479 admiretur;
368 4429 465 4490 neque
479 4408 667 4469 Domitianus
681 4421 711 4468 et
725 4409 851 4471 Romani
864 4429 945 4469 nunc
965 4420 1025 4469 tam
1038 4410 1123 4473 facile
1137 4412 1216 4472 deei-

78 4506 202 4584 piuntur,
217 4510 445 4591 utTarquiuius
453 4512 605 4589 Superbus
619 4522 648 4571 et
661 4510 794 4572 homines
804 4512 907 4590 priscis
920 4513 1100 4593 temporibus
1115 4512 1217 4573 viven-
