3100 5250
299 459 342 519 24
670 452 1063 521 COMMENTARIUS

296 640 354 697 nis,
379 627 431 705 qui
454 628 579 707 cupidus
601 631 733 709 pecunie
755 631 929 710 pudicitiam
948 628 1048 689 uxoris
1060 644 1121 687 mm
1135 622 1297 693 venditet,
1315 622 1449 684 ινιοεὼο

296 744 367 783 cum
379 744 415 785 eu
426 727 646 799 concumbente,
668 728 716 787 vel
736 748 854 788 sursum
876 738 998 807 spectet,
1020 726 1066 787 vel
1087 722 1214 803 vigilans
1226 721 1331 791 Mitt
1353 720 1448 782 Velut

295 821 395 884 ebrius
408 820 447 881 ad
457 822 579 892 colicon,
592 823 623 883 b.
637 845 662 883 e.
676 824 768 886 altum
783 844 919 885 mmnum
932 823 1059 892 simulet,
1081 832 1115 882 ut
1134 820 1238 899 Cipius
1257 818 1306 879 vel
1324 818 1447 897 Cepiur

296 924 346 985 ille
364 926 543 1009 ταραῄγχαν,
564 926 602 986 de
623 947 683 1006 quo
703 949 731 987 v.
747 929 860 989 Erasm-
873 938 905 988 et
920 926 997 987 Fert
1011 926 1043 985 in
1055 923 1221 1005 proverbio,
1243 941 1299 981 uon
1309 921 1445 981 ονννιὶὂιιτ

294 1024 405 1087 donno.
466 1025 576 1085 Doctus
588 1034 714 1104 spectare
727 1028 855 1097 lacunar,
869 1028 973 1088 utfere
987 1034 1085 1087 tectum
1097 1024 1234 1083 intuentes
1245 1043 1294 1101 ap.
1308 1021 1443 1093 Quintil

294 1122 337 1194 ll,
355 1131 402 1193 ll,
418 1130 445 1182 ts
467 1123 518 1183 ubi
539 1123 683 1203 Spalding
703 1125 768 1187 brec
780 1114 910 1189 notauit:
933 1137 953 1165 “
968 1124 1051 1185 Nihil
1071 1123 1152 1183 uliud
1172 1120 1330 1200 significari
1348 1131 1441 1198 puto,

293 1242 381 1303 quam
395 1223 526 1287 desidem
540 1223 613 1313 nibil
626 1225 749 1303 egentis,
773 1247 871 1307 neque
890 1228 922 1287 in
935 1240 1045 1288 certam
1057 1244 1121 1285 rem
1133 1223 1266 1283 animum
1279 1220 1443 1281 intenden-

292 1324 340 1398 tis,
360 1336 487 1405 gestum,
508 1326 603 1406 qualis
617 1327 690 1389 solet
702 1348 765 1389 esse
779 1349 890 1400 eorum,
915 1329 977 1410 qui,
998 1347 1091 1407 quum
1110 1324 1215 1387 acriter
1228 1322 1367 1385 videmur
1380 1321 1441 1381 ali·

292 1428 366 1508 quid
379 1429 495 1501 intueri,
515 1448 554 1491 ne
568 1432 698 1511 cogitent
710 1432 832 1513 quiden
852 1433 893 1493 de
910 1453 954 1504 eo,
975 1430 1057 1512 qnod
1077 1426 1272 1491 cummaxime
1290 1435 1440 1504 Wlffli-

292 1525 405 1587 Eodem
419 1528 544 1592 redeunt
555 1528 707 1591 luvenalis
721 1532 820 1591 verbu.
862 1528 988 1593 Simulat
999 1528 1080 1591 enim
1097 1525 1251 1607 jucundus
1270 1522 1324 1583 iste
1343 1521 1438 1581 mari-

291 1636 339 1687 tus
353 1636 383 1685 et
396 1628 480 1687 uxori
495 1629 674 1699 commodus,
688 1650 729 1701 se,
744 1630 842 1691 nescio
856 1629 930 1709 quid
942 1648 1088 1708 nugarum
1102 1626 1264 1705 agitantem
1276 1632 1438 1699 totumque

291 1727 324 1787 in
337 1728 404 1801 illis,
424 1750 490 1808 quae
504 1730 584 1801 fient,
600 1750 659 1791 non
672 1732 853 1804 adtendere3
873 1752 1052 1811 quamquam
1072 1731 1105 1791 id
1124 1744 1252 1808 quoque,
1273 1723 1356 1804 quod
1369 1744 1436 1782 sur·

232 1834 234 1839 ’
290 1845 352 1885 mm
365 1838 486 1905 spectet,
500 1829 595 1907 magis
608 1848 676 1887 eum
689 1830 796 1889 avertit
808 1832 846 1889 cb
858 1830 904 1900 iis,
918 1850 986 1908 qum
1000 1827 1076 1889 tomi
1088 1816 1296 1905 peragimur?
1332 1821 1380 1883 cf.
1394 1820 1437 1879 ad

289 1926 344 1999 Vl,
372 1936 438 1988 140.
465 1936 532 1988 ΙΙΙ.
552 1929 660 1991 Jacobs
682 1932 721 1989 ed
744 1932 867 1992 Antbol.
890 1931 943 1991 Gr.
969 1932 1005 1991 Τ.
1027 1930 1070 1989 ΙΙ.
1091 1932 1124 1991 Ρ.
1146 1928 1187 1988 ΙΙ.
1207 1948 1238 2006 p.
1255 1933 1323 1986 850.
1340 1923 1435 1983 Ovitl.

288 2028 390 2087 Amor.
407 2029 448 2098 11,
463 2036 492 2101 5,
509 2036 556 2088 13.
573 2037 618 2089 14.
640 2030 746 2090 Alciat.
761 2031 880 2109 Purerg.
890 2031 951 2110 jur.
969 2030 1024 2100 IV,
1039 2029 1087 2091 26.
1109 2030 1227 2089 Sueton·
1241 2028 1321 2105 Aug.
1336 2026 1387 2095 69.
1401 2037 1435 2087 et

290 2123 395 2185 Horat.
410 2126 467 2185 Od.
484 2124 543 2197 ΙΙΙ,
558 2125 589 2198 6,
603 2134 642 2197 29
658 2147 717 2206 seq.
731 2126 785 2186 ubi
797 2129 836 2187 ab
849 2128 968 2187 Acrone
981 2125 1139 2203 leudunum
1153 2122 1350 2183 Parmenionis
1363 2141 1432 2181 ver·

287 2228 342 2287 ba:
366 2228 445 2307 Αὐτῷ
459 2250 496 2295 τις
509 2230 601 2307 γήμαι
614 2231 714 2297 πιθανὴν
727 2231 766 2307 τῷ
785 2232 874 2309 yorinu
892 2229 992 2311 ξίγχνν,
1015 2233 1071 2291 Kal
1090 2228 1210 2311 egipsrue
1237 2225 1301 2285 τνι”τ’
1315 2221 1346 2294 ἦν
1358 2223 1431 2283 νῦνν-

287 2337 333 2395 λνς
346 2330 459 2411 ν’ςγανία.
502 2331 548 2397 Μὴ
562 2335 640 2400 πλεῖν,
653 2332 692 2401 μὴ
706 2332 834 2401 melmun,
848 2332 915 2390 ἀλλ’
930 2334 1100 2413 νὺντνμίνχανς
1112 2330 1272 2414 ἆτιᾴγχννν,
1288 2328 1432 2407 ’Δλλντνῖῳ

224 2436 246 2449 “”
288 2428 389 2506 laudm
403 2426 513 2487 τλνύνια
527 2426 679 2500 &maenum
720 2429 889 2491 Henninius
907 2431 1040 2507 putebat,
1062 2427 1257 2492 Plutarchum
1274 2426 1358 2485 nobis
1378 2444 1429 2485 er·

287 2527 406 2605 plicare,
429 2530 495 2609 quis
516 2529 554 2589 ait
573 2530 623 2590 ille
643 2531 710 2591 leno
723 2531 855 2600 meritus,
875 2530 1347 2610 ercujusEroticop.m.1352.
1368 2526 1429 2600 (ed.

288 2625 388 2686 Reisk.
404 2628 438 2686 Τ.
455 2628 510 2686 ΙΙΙ.
524 2649 554 2707 p.
570 2634 633 2709 45.)
648 2630 712 2690 hmc
726 2631 889 2710 excerpsit:
912 2633 1015 2690 Πνλλι)
1032 2629 1182 2708 Ἀφροδισίαν
1201 2618 1292 2708 ἱτίρονν
1308 2626 1428 2695 imwl't·

287 2741 340 2794 σαν,
354 2726 382 2782 οὐ
393 2729 462 2796 μόνον
481 2727 590 2806 ἑταίρας,
610 2730 689 2786 emit
707 2732 755 2786 stul
774 2731 899 2808 γαμντὰς
918 2725 1157 2808 τννναγινννννντνς·
1185 2725 1324 2805 alterque!
1336 2728 1349 2783 ν’
1362 2725 1428 2784 Ῥιν-

284 2832 361 2898 pauc
374 2827 468 2896 ἐννῖνος,
484 2824 504 2886 ol
518 2829 607 2910 iruigr,
630 2829 750 2905 Κάλβας
772 2831 823 2910 (ab
838 2829 969 2905 Καββας,
989 2841 1024 2889 ut
1037 2829 1089 2888 inf.
1103 2827 1142 2899 V,
1157 2835 1185 2886 4.
1206 2827 1305 2887 Schol.
1325 2827 1427 2886 Gubba

285 2949 340 3009 pro
358 2930 470 3006 Galba)
487 2935 566 2990 cirria
580 2933 721 3003 Μαικήναν,
744 2935 777 3000 ὣς
789 2934 870 3006 ἔνινινν,
885 2934 942 2992 ileu
954 2935 1009 3014 agn
1022 2929 1260 3009 διαπληκτιζόμενον
1272 2932 1325 2988 dri
1333 2931 1426 2999 νννμά-

285 3055 332 3091 των
344 3035 403 3114 πρὸς
416 3036 444 3091 rl
456 3032 563 3116 γύναιον,
578 3034 708 3094 deiram
720 3036 807 3117 ἣννχῆ
817 3038 862 3104 τὴν
874 3037 999 3114 κεφαλὴν,
1020 3035 1054 3102 ὣς
1074 3033 1250 3102 limitibus*
1270 3031 1426 3108 brolrpdi

285 3130 333 3188 τῶν
345 3131 444 3192 duros
463 3135 523 3200 τινὸς
543 3133 693 3214 effoderimus
705 3131 791 3212 ἔξωθεν
804 3137 838 3214 τῇ
848 3133 972 3215 τραπέζῃ,
994 3137 1042 3192 ml
1059 3136 1099 3191 riv
1110 3131 1168 3198 νῙννν
1179 3129 1351 3211 ὖφανςννμὲννν
1369 3131 1425 3188 δια·

284 3224 409 3299 Butae,
432 3231 604 3303 Κακόδαιμνν,
626 3229 698 3300 eluet,
719 3231 764 3290 νῦκ
777 3229 855 3302 ultio,
877 3233 914 3288 ln
925 3234 993 3310 μόνῳ
1006 3229 1130 3306 Μαικήνᾳ
1143 3227 1271 3297 καθεύδοις
1293 3229 1371 3286 Τοῦτο
1381 3228 1426 3298 μὲν

285 3319 324 3381 οὖν
336 3323 395 3389 ἴσως
408 3329 435 3382 οὐ
450 3329 596 3388 drumniaco·
610 3326 639 3399 ἦν
652 3332 705 3410 γὰρ
718 3333 730 3388 o'
745 3329 865 3402 Κάλβας
878 3334 1054 3408 pomum
1122 3328 1202 3388 Leno
1214 3326 1316 3406 accipi!
1330 3327 1424 3384 moeclrr‘

286 3419 378 3478 bono:
401 3421 425 3480 si
440 3443 512 3482 uxor
526 3427 589 3504 ejus
599 3429 668 3508 jure
682 3427 859 3508 impedietur
878 3425 1014 3486 adultero
1033 3426 1207 3502 sucoedere„
1220 3425 1283 3503 ipse
1303 3426 1423 3484 maritus

285 3521 353 3580 leno
366 3523 495 3582 succedit
508 3524 642 3587 adultero
654 3530 747 3600 heres,
769 3541 804 3590 ut
822 3548 876 3608 per
896 3527 1153 3588 fideicommissum
1174 3548 1222 3586 res
1241 3525 1366 3585 adulteri
1384 3525 1424 3584 ud

285 3622 447 3683 adulteram
471 3626 610 3698 veniantt
638 3630 733 3690 Schol.
777 3631 823 3689 lta
846 3629 982 3690 fraudem
1001 3628 1063 3708 legi
1086 3631 1194 3689 fuctum
1217 3639 1333 3708 putant,
1356 3627 1423 3707 quia

286 3721 482 3794 Domitianus,
496 3735 570 3784 teste
585 3727 702 3787 Sueton.
717 3750 741 3788 c.
757 3736 795 3798 8.,
814 3728 957 3808 probrosis
966 3727 1088 3806 seruitiis
1100 3727 1203 3788 lecticoe
1222 3749 1303 3786 ννιννι
1315 3727 1421 3786 odone·

285 3822 323 3882 rit
336 3824 443 3904 jusque
464 3825 592 3904 copimdi
612 3825 706 3906 legata
727 3828 967 3908 hereditatam
995 3848 1055 3906 quo
1078 3828 1210 3886 referunt
1232 3828 1263 3887 h.
1285 3828 1305 3887 l.
1334 3830 1423 3889 verba

284 3923 381 3982 moecli
402 3921 472 3982 bonu
496 3923 625 4002 capiendi
638 3925 694 4002 jue
717 3926 821 3986 nullom
840 3927 932 3985 uuori.
973 3927 1032 3986 Sed
1045 3925 1101 3985 huc
1114 3927 1354 4006 interpretatione
1365 3929 1422 3988 Jus

286 4025 383 4102 ipsum
396 4036 427 4084 et
440 4027 611 4086 sententiam
626 4039 720 4106 poeto
735 4032 817 4088 vanis
829 4030 976 4089 erroribus
985 4021 1141 4109 implicari,
1162 4031 1248 4090 docet
1266 4029 1421 4098 Heinrich,

286 4126 347 4203 qui,
361 4129 480 4206 adjutus
494 4129 645 4188 commode
658 4131 856 4190 admonitione
869 4133 1009 4203 Crameri,
1022 4132 1092 4193 icti
1102 4133 1298 4202 eruditissimi,
1312 4133 1353 4191 ita
1364 4133 1422 4192 dis·

285 4233 388 4301 putat:
412 4235 431 4260 “
446 4227 589 4285 Probrosa
603 4227 692 4306 igitur
713 4228 778 4286 ltaec
790 4247 875 4298 uxor,
895 4228 1023 4307 indeque
1043 4227 1086 4287 illi
1100 4229 1228 4308 capiendi
1237 4229 1295 4306 jur
1308 4228 1418 4287 νινίἱννι.

286 4325 377 4393 Quasi
392 4345 461 4385 vero
474 4329 568 4388 omnis
582 4329 691 4390 femina
705 4332 803 4390 statim
816 4332 854 4389 de
870 4332 939 4409 jure
952 4331 1085 4409 legitimo
1097 4335 1236 4410 probrosa
1249 4346 1334 4402 esset,
1356 4355 1420 4412 quae

286 4428 427 4506 probrum
441 4433 547 4492 meruit
561 4431 744 4511 turpitudine
758 4435 766 4489 l
809 4433 890 4506 Quin
903 4433 1012 4510 potius,
1033 4454 1126 4512 quum
1146 4435 1184 4493 de
1198 4433 1321 4494 occultis
1334 4438 1419 4495 rebus
