3100 5250
274 475 339 534 440
653 465 1046 536 COMMENTARIUS

276 641 368 713 XIII,
384 647 465 718 741.)
507 643 642 716 Quanam
656 665 726 704 veru
739 655 822 724 parte
837 643 988 704 Hannibal
1004 642 1097 722 Alpes
1108 639 1268 708 omsierit,
1283 659 1319 699 ue
1331 640 1417 699 intes·

276 745 411 823 antiquos
421 743 540 824 quidem
555 745 710 825 scriptores
724 746 861 806 constitit
875 767 905 803 v.
918 745 984 804 Lis.
999 743 1087 812 XXI,
1101 748 1149 803 88.
1164 742 1250 821 Ιίρε.
1263 741 1350 821 Epist
1366 741 1412 800 ad

276 847 382 926 Belgas
397 851 480 910 Ceut.
495 848 521 908 1.
536 849 592 928 Ep.
608 844 655 918 98.
671 848 751 928 Opp.
766 851 802 910 T.
817 848 858 907 11.
872 868 902 926 p.
918 846 978 908 826
991 867 1052 927 seq.
1065 857 1097 912 et
1110 845 1230 904 Folard.
1251 845 1289 904 ad
1307 845 1408 924 Polyb·

276 985 318 1000 -
340 956 405 1008 188.
429 949 558 1023 Diducit,
583 949 725 1022 dissolvit,
749 959 777 1010 et
800 950 904 1030 rumpit
925 958 1049 1019 monton,
1073 948 1213 1029 pervium
1236 947 1314 1018 font,
1330 949 1410 1008 riam

276 1053 378 1134 sperit,
403 1061 500 1113 aceto:
522 1069 591 1112 nam
612 1053 761 1114 Hannibal
783 1063 894 1114 struem
915 1052 1067 1132 lignorum
1087 1052 1243 1131 ingentem
1266 1051 1416 1110 nouauit

274 1169 362 1236 stque
386 1177 455 1218 saxa
477 1157 610 1218 ardentis
631 1157 789 1238 putrefecit
809 1159 907 1219 infuso
927 1169 1020 1229 aceto,
1045 1157 1127 1236 quod
1151 1167 1263 1216 notum
1292 1175 1332 1214 a
1351 1155 1421 1216 nv.

275 1257 362 1332 XXI,
377 1267 426 1328 87.
440 1269 471 1320 et
483 1261 611 1340 Appiun.
624 1263 654 1320 b.
670 1261 799 1320 Hannrb.
815 1281 840 1322 c.
856 1269 884 1320 4.
895 1261 921 1300 ⁵³
961 1261 1111 1340 Rumpere,
1124 1279 1335 1340 perrumpere,
1345 1279 1422 1318 nou·

273 1367 335 1432 tens,
349 1367 384 1420 nt
397 1379 421 1418 r.
436 1359 499 1428 iter,
513 1379 633 1428 cursum,
647 1359 750 1429 oditur,
765 1379 826 1438 quo
839 1358 963 1420 difficilis
976 1357 1064 1418 simul
1076 1357 1119 1417 rei
1140 1357 1258 1417 molitio
1277 1357 1422 1436 exprimi·

273 1461 364 1520 tur.u
376 1493 420 1512 -·
441 1468 499 1522 154
520 1481 579 1542 seq.
602 1459 751 1522 Hannibal
771 1481 832 1521 non
850 1471 1015 1532 contentus,
1038 1459 1225 1522 descendims
1245 1460 1280 1519 in
1305 1459 1422 1520 Italiam

272 1579 470 1640 magnamque
482 1559 546 1640 ejus
558 1571 671 1639 partem
684 1579 739 1638 per
752 1559 827 1620 XVI
837 1579 929 1620 annos
941 1579 1135 1638 expugrnsse,
1156 1557 1253 1617 voluit
1272 1569 1306 1617 et
1324 1558 1422 1637 ipsam

275 1653 407 1727 Romam,
432 1670 521 1736 caput
541 1657 620 1718 orbis
643 1667 798 1728 terrorum,
822 1675 934 1736 capere.
986 1655 1035 1714 Dc
1058 1655 1143 1714 irritu
1165 1655 1288 1714 oonnlio
1314 1656 1421 1718 Rom

271 1753 479 1832 oppugnsndoe
493 1773 521 1812 v.
536 1753 602 1812 Liv.
618 1753 730 1823 XXVI,
745 1761 854 1820 7-11.
875 1753 988 1832 Magna
1007 1772 1078 1812 vero
1098 1751 1131 1810 in
1151 1753 1243 1812 verbis
1265 1752 1349 1812 ineat
1370 1753 1420 1814 ris

247 1850 457 1942 ,amntentia
469 1861 551 1910 taum
564 1849 640 1910 duos
654 1849 754 1930 digua.
832 1853 1056 1930 portosRomoe.
1100 1847 1414 1910 ionicum-viem

271 1953 420 2032 ingressus
434 1955 560 2014 Romam
572 1951 693 2033 ponoin
705 1951 797 2014 media
816 1953 941 2024 Subura,
960 1953 991 2013 b
1011 1974 1037 2014 e.
1059 1952 1153 2024 Urbe,
1170 1965 1204 2014 ut
1220 1953 1282 2028 ΙΙΙ,
1303 1963 1334 2014 5.
1352 1955 1411 2016 ubi

272 2073 301 2113 v.
314 2064 375 2118 not

318 2157 486 2226 rar-167.
507 2157 604 2220 Iocus
617 2157 785 2238 praeclaros,
798 2179 907 2240 magna
926 2159 1135 2220 sententiarum
1154 2160 1304 2238 grauitate
1322 2172 1357 2221 et
1373 2161 1419 2221 si·

273 2259 400 2320 lectibus
423 2259 600 2340 salibusque,
622 2261 666 2320 rei
686 2261 853 2339 aptissimis,
874 2263 1008 2342 Insignis.
1057 2269 1213 2330 157.158.
1232 2263 1420 2325 Βεῐὶᾱαιωι

271 2361 441 2422 deformitas
454 2363 660 2441 temeritssque
674 2363 859 2435 Hannibalis,
877 2363 930 2443 qui
951 2364 1143 2443 Apenninum
1163 2375 1372 2445 transgresus
1391 2379 1421 2426 et

271 2466 416 2546 propiore,
432 2465 483 2544 qui
497 2465 528 2522 in
543 2463 693 2524 Etruriam
706 2465 799 2536 ducit,
813 2466 862 2526 via
873 2485 929 2544 per
940 2465 1080 2544 paludem
1099 2477 1130 2527 et
1147 2468 1319 2546 profundas
1341 2471 1419 2530 Arni

272 2563 299 2622 fl.
315 2561 467 2642 voragines
484 2561 594 2621 Goetulo
608 2564 706 2642 (Afra,
721 2563 850 2646 Libyes)
864 2563 963 2639 beuua,
975 2564 1005 2625 h.
1019 2586 1044 2627 a.
1057 2565 1220 2646 elephanto
1239 2579 1353 2641 vectus,
1373 2571 1418 2631 vi·

270 2663 349 2743 giliis
362 2676 392 2725 st
405 2674 549 2725 nocturno
568 2665 693 2727 humore
712 2668 895 2747 palustrique
914 2668 990 2729 coelo
1010 2681 1153 2748 gravante
1172 2684 1276 2751 caput,
1298 2685 1333 2733 et
1350 2675 1420 2754 quia

269 2762 407 2827 medendi
419 2786 475 2829 neo
488 2768 569 2829 locus
581 2788 636 2831 nec
649 2780 766 2851 tempus
780 2784 852 2845 erat,
866 2772 959 2833 altero
974 2774 1061 2835 omIo
1079 2786 1185 2855 captus
1204 2776 1257 2836 vel
1276 2778 1376 2839 luscus
1394 2804 1418 2843 ι.

267 2866 412 2927 unoculus
425 2867 586 2927 sscnssest.
599 2888 628 2927 v.
643 2867 708 2930 Liv.
723 2866 829 2941 XXII,
842 2878 872 2931 2.
887 2871 990 2951 Polyb.
1005 2873 1065 2946 111,
1086 2882 1137 2944 79·
1158 2886 1189 2935 et
1210 2876 1288 2955 Nep
1310 2878 1414 2937 Hsnn.

268 2986 294 3027 e.
309 2974 337 3027 4.
381 2968 520 3049 Opaolis,
541 2990 629 3048 quam
643 2972 777 3043 ridicula,
786 2972 886 3051 socios
898 2976 1073 3037 Hannibalis
1086 2976 1171 3049 luseI,
1183 2988 1212 3038 et
1229 2980 1310 3059 quali
1317 2980 1409 3041 tabel-

268 3070 307 3143 ta,
331 3072 456 3151 pictura,
485 3072 673 3153 (caricature)
701 3075 800 3155 digno,
827 3095 920 3157 quam·
944 3078 1045 3159 digno,
1073 3092 1142 3159 quae
1162 3082 1347 3161 pingeretur!
1359 3120 1407 3137 .-

271 3180 338 3242 159.
363 3172 472 3245 usiam,
486 3172 608 3233 finistot
628 3174 817 3236 victoriarum
836 3178 955 3240 etrite
979 3180 1165 3242 Hannibalis
1249 3182 1277 3242 0
1296 3184 1405 3263 gloria,

269 3288 358 3349 quam
372 3290 457 3343 vm,
470 3272 568 3333 brevis
580 3282 617 3359 et
629 3272 738 3334 fallu!
759 3277 883 3357 ejusque
902 3277 1048 3358 cupidinis
1066 3298 1159 3358 quum
1177 3280 1263 3341 stulta
1280 3303 1315 3341 sc
1333 3304 1405 3363 pm-

266 3372 448 3434 niciosaest!
492 3374 550 3435 160
564 3396 625 3455 seq.
653 3376 782 3437 Vincitur
800 3377 880 3452 idem,
901 3380 965 3460 ipse
984 3380 1036 3441 ille
1061 3384 1224 3456 Hsnuibsl,
1246 3386 1408 3464 impensor

267 3482 367 3531 tannis
380 3482 411 3532 et
423 3472 508 3535 toties
521 3474 624 3551 victor,
639 3498 656 3537 a
670 3478 815 3558 Scipione,
830 3480 911 3559 (Liv.
924 3482 1026 3554 XXX,
1040 3486 1186 3563 29-37.)
1203 3492 1241 3557 et,
1253 3500 1410 3549 accusatos

267 3574 444 3653 CsrthugIne
457 3595 475 3634 a
489 3576 639 3651 Romanis,
654 3580 683 3639 io
696 3581 822 3643 exsiliata
830 3604 958 3665 proeoeps
965 3584 1060 3665 fugit,
1076 3588 1157 3666 (Lis.
1172 3588 1329 3663 XXXIII,
1344 3596 1409 3673 47.)

266 3682 297 3735 et
310 3672 438 3753 primum
451 3674 490 3735 nd
503 3676 684 3740 Antiochum
706 3681 809 3759 Syriae,
832 3682 911 3759 (Liv.
936 3686 1090 3759 XXXIII,
1113 3695 1163 3748 48.
1186 3696 1237 3761 49.
1259 3692 1407 3766 XXXIV,

266 3772 314 3833 60.
329 3772 377 3835 61.
392 3772 517 3849 xxxv,
533 3784 580 3836 14.
597 3784 642 3849 ¹9·
657 3780 800 3853 xxxvl,
815 3790 842 3849 7·
864 3787 927 3864 15.)
947 3786 1055 3847 (tande
1074 3790 1114 3849 od
1135 3787 1283 3862 Prusiam,
1303 3792 1409 3875 But,-
1525 3825 1526 3840 .

265 3870 320 3931 nie
333 3893 433 3953 regem,
448 3874 596 3955 profugit:
619 3878 700 3956 (Liv.
714 3880 862 3951 XXXIX,
878 3886 942 3963 51.)
956 3894 1040 3967 atque
1051 3888 1100 3960 ibi,
1114 3888 1147 3949 in
1159 3890 1275 3963 exsilio,
1286 3914 1409 3974 ψ

265 3970 463 4054 mirandusque
481 3974 568 4034 cliens
580 3976 619 4035 od
632 3978 721 4057 Regia
734 3979 844 4041 Pruaiae
859 3985 1006 4061 pretorio,
1018 3988 1199 4065 pretorium,
1212 3990 1282 4051 1η.
1292 3992 1406 4072 mgim

297 4148 317 4181 ⁸
345 4151 383 4199 ct
406 4152 470 4202 Plio.
497 4154 610 4213 XXIII,
633 4161 654 4205 1.
675 4166 701 4205 st
717 4157 748 4207 sd
769 4158 813 4209 Sil.
846 4159 1002 4213 inoosud
1020 4165 1075 4215 Lis.
1095 4168 1172 4219 XXI.
1189 4184 1216 4230 p.
1238 4176 1272 4221 40

267 4208 321 4267 III,
334 4219 389 4289 840.
403 4216 428 4263 in
443 4218 507 4267 Add.
544 4222 816 4286 Hoeebistoriapropter
846 4170 1399 4296 desmmaBoettiguoinprsmeid-H:

265 4274 386 4326 silentium
400 4280 501 4344 Polytm,
519 4284 682 4335 difficultatem
697 4303 814 4351 sggsren·
845 4294 890 4341 sic.

264 4342 349 4389 duum
359 4346 478 4404 arborum,
489 4352 579 4412 quaein
593 4352 751 4413 superioribus
768 4356 814 4403 st·
877 4361 897 4391 ¹⁸
918 4360 957 4409 ct
978 4360 1010 4409 sd
1030 4361 1073 4410 Sil.
1097 4362 1119 4419 I,
1139 4369 1179 4415 5⁴.
1204 4365 1241 4416 N.
1266 4367 1350 4415 Heius
1370 4376 1398 4415 et

264 4406 332 4521 ’Ἢ
350 4408 417 4485 iuti*
437 4412 523 4487 suun
541 4426 687 4478 queruntur,
710 4418 814 4495 aliasque
847 4424 968 4473 nauem
980 4425 1012 4474 no
1024 4426 1067 4475 sn.
1081 4428 1132 4486 xl,
1146 4434 1200 4480 135.
1216 4441 1243 4481 et
1263 4432 1348 4481 nurus
1365 4432 1400 4481 d

326 4488 367 4521 nes
376 4488 402 4523 uu
412 4474 513 4527 dubium
524 4490 605 4531 vomu
614 4492 651 4532 sat
668 4497 683 4530 a
703 4480 814 4535 usuum
847 4489 927 4540 Valsr.
941 4490 980 4540 rt
993 4492 1041 4552 VI,
1055 4498 1109 4544 189.
1126 4500 1179 4544 1401
1393 4507 1398 4521 ·
