3100 5250
432 521 482 588 IN
504 523 667 590 JUVEN.
692 525 791 591 SAT.
815 525 873 592 VI.
1162 532 1224 590 lae

39 703 40 706 ’
92 693 213 752 nultum
225 715 246 754 a
258 716 327 756 mea
340 696 455 756 differre
468 700 534 758 eive
546 699 757 778 preferendam
771 720 842 770 esse,
862 718 923 758 non
942 695 1010 758 satia
1029 697 1102 758 mibi
1121 697 1223 780 liquet

94 791 130 850 ct
143 791 215 852 Vsr.
228 795 316 857 Leet.
400 795 481 856 Gabii
495 817 563 877 opp.
584 798 661 858 Latii
680 809 711 858 et
730 799 846 860 Fideua
865 797 1048 858 Sabinorum.
1089 797 1223 878 Utraque

94 896 156 954 urhe
171 895 279 958 anae
291 899 461 978 propinqua,
482 913 513 960 et
532 900 600 960 olim
622 921 729 978 magna
748 902 806 961 fuit
824 921 859 961 ae
871 902 1018 979 frequens,
1040 902 1082 979 (v.
1096 901 1221 981 Dionys·

92 997 154 1056 Hal.
173 998 218 1056 11.
234 1019 267 1078 p.
285 1000 366 1079 116.)
386 1002 435 1062 sed
452 1012 553 1080 postea
572 1003 708 1081 ignobilis
722 1014 752 1063 et
765 1003 888 1063 deserta.
929 1003 974 1061 Cf.
987 1003 1040 1062 inf.
1054 1003 1095 1074 X,
1112 1009 1178 1061 100.
1191 1013 1223 1062 et

91 1094 198 1156 Horat.
220 1097 316 1176 Epist
337 1099 362 1169 l,
379 1107 422 1170 11,
437 1107 465 1166 7.
480 1108 508 1160 8.
522 1136 562 1150 -
576 1108 623 1171 59.
638 1100 750 1180 Jupiter
769 1111 796 1161 et
818 1101 914 1180 Mara,
939 1101 1043 1179 quiin
1064 1102 1226 1171 montibus·

90 1198 245 1275 spelsmeis
262 1201 397 1279 silvisque
414 1211 459 1261 tot
478 1203 607 1282 virgines
624 1203 789 1282 'corrupisse
808 1203 957 1274 dicuntur,
979 1203 1048 1263 adeo
1065 1211 1224 1273 manunt,

89 1295 202 1356 adeone
215 1297 326 1358 viribus
338 1319 401 1377 pree
414 1311 563 1361 senectute
576 1301 707 1364 exhausti
724 1313 802 1372 suut,
816 1314 924 1363 utnon
936 1302 1062 1382 amplius
1074 1302 1164 1363 amori
1178 1303 1223 1361 in·

92 1398 211 1477 dulgere
223 1401 360 1478 possint?
382 1401 412 1460 lu
426 1421 451 1461 e.
466 1414 599 1481 putasne,
620 1403 681 1462 uiri
703 1414 734 1463 et
756 1405 788 1462 in
807 1402 878 1464 loeis
899 1404 1062 1483 agrestibus
1081 1423 1142 1463 non
1161 1423 1223 1464 sm·

92 1501 176 1578 plius,
195 1513 230 1562 ut
242 1501 311 1561 olim
327 1513 358 1563 et
373 1503 438 1584 jam
451 1505 658 1583 antiquissimis
677 1506 868 1585 temporibus,
883 1505 942 1584 (ef.
956 1504 1067 1565 Tibull.
1081 1507 1123 1576 11,
1140 1512 1167 1580 l,
1182 1504 1224 1573 '67

93 1606 165 1682 seq.)
187 1615 285 1683 stupra
298 1615 330 1664 et
342 1605 488 1667 adulteris
501 1607 653 1680 committi,
673 1609 773 1668 omnes
792 1628 831 1667 ne
850 1606 892 1668 ibi
907 1607 1042 1667 'moeehos
1055 1606 1144 1668 senes
1153 1605 1224 1676 e‘sse,

92 1723 218 1782 quorum
239 1718 357 1784 pectora
379 1728 441 1767 nou
461 1708 586 1787 amplius
608 1709 714 1769 amoris
736 1709 855 1788 ignibus
873 1709 1076 1770 inmleseant?
1117 1709 1228 1776 Facete,

93 1805 171 1864 enirn
188 1817 280 1885 poen,
295 1829 363 1887 quae
377 1809 418 1868 ad
430 1809 560 1870 moeehos
573 1819 712 1890 spectant,
726 1811 796 1872 dori
809 1810 957 1890 Martique
970 1811 1074 1871 tribuit
1087 1822 1118 1870 et
1129 1810 1225 1869 homi·

92 1925 170 1978 num,
186 1926 246 1966 non
259 1908 395 1979 deorum,
409 1909 686 1988 amores'poetarum
699 1909 807 1969 fabulis
819 1909 958 1970 declarari
971 1909 1075 1970 innuit.
1116 1908 1225 1968 Simili·

93 2016 135 2062 ter
147 2005 257 2066 Seneca
268 2027 317 2086 ap.
331 2007 465 2067 lauans
479 2009 506 2078 1,
522 2013 568 2069 16.
593 2007 668 2076 Quid
680 2028 747 2087 ergo
758 2017 809 2080 est,
830 2028 918 2087 quare
937 2008 1129 2088 apadpoetas
1139 1988 1224 2067 'sala-

93 2105 215 2166 eissiruss
228 2107 343 2187 Jupiter
355 2108 467 2168 desierit
479 2108 577 2168 liberos
590 2107 709 2168 tolleret
730 2117 822 2167 atnam
841 2102 1041 2188 sexagenarius
1051 2107 1155 2188 saetas
1173 2117 1224 2184 est,

92 2213 119 2262 et
131 2204 174 2263 illi
187 2205 233 2264 tea
248 2206 343 2284 Papia
354 2206 475 2284 fibulam
489 2211 527 2286 (v.
543 2206 581 2266 ed
596 2227 626 2266 v·
641 2208 703 2284 73.)
717 2204 843 2285 imposuit
855 2205 872 2264 i

137 2305 177 2366 60
191 2327 253 2385 seq.
274 2308 363 2369 Poeta
377 2310 433 2388 jam
446 2307 585 2368 describit
603 2307 739 2366 libidines
758 2305 916 2367 mulierum
937 2309 1020 2386 Rom.
1040 2327 1075 2368 se
1094 2309 1225 2387 primum

94 2403 168 2475 loos,
190 2425 261 2482 quas
277 2405 457 2484 frequentent
477 2417 507 2466 et
526 2405 578 2467 ubi
599 2415 678 2467 casta
698 2404 860 2484 reperiatur
884 2405 972 2464 nulla.
1013 2405 1062 2466 De
1085 2405 1142 2476 his,
1164 2406 1227 2467 scil.

94 2507 264 2586 porticibus,
286 2508 414 2580 theatris,
434 2507 528 2580 circis,
548 2509 628 2578 foris,
649 2507 686 2568 ei.
701 2507 786 2566 simil.
800 2507 855 2567 loe.
870 2505 959 2566 Ovid.
979 2507 1046 2567 Art.
1059 2504 1128 2567 Am.
1145 2508 1170 2580 Ι,
1185 2516 1226 2578 49

93 2627 152 2686 aeq.
164 2605 316 2675 (tr-264
398 2609 529 2667 Porticus
541 2606 750 2668 ambulationes
768 2605 910 2667 columnis
930 2600 1077 2686 suspense
1096 2607 1227 2668 exedris·

95 2723 153 2781 que
165 2704 315 2765 instructae
327 2704 405 2765 eirea
422 2716 451 2765 et
464 2717 531 2765 ante
543 2704 653 2783 templu
666 2703 845 2782 aedificiaque
858 2714 918 2762 tam
931 2702 1049 2782 publiea
1061 2724 1151 2783 quam
1163 2706 1226 2783 pri-

95 2815 170 2874 vata,
191 2805 282 2865 velia
297 2802 423 2866 strio'et
441 2806 591 2885 impluvio,
611 2804 678 2884 qu'ae
697 2804 764 2865 solis
784 2805 917 2865 ardorem
936 2805 1127 2884 pluviamque
1145 2827 1226 2867 aree·

97 2904 171 2963 baut.
213 2902 439 2985 61.speotao'ala‚
449 2904 561 2965 theatra
571 2916 601 2964 et
607 2904 830 2983 amphitheatra.
912 2904 1000 2964 Carrei
1012 2904 1128 2964 ordines
1138 2925 1172 2965 ae
1182 2927 1227 2967 se·

95 3002 160 3061 dilis
173 3004 292 3077 titani,
308 3004 467 3082 dequibus
480 3024 508 3061 v.
522 3002 604 3081 Lips.
617 3002 655 3061 de
668 3000 821 3081 Amphith·
834 3023 862 3063 o.
878 3010 924 3063 13.
1005 3022 1161 3081 eaeerpere,
1174 3001 1228 3061 eli-

95 3120 167 3179 gere,
180 3122 298 3183 eapere.
341 3100 470 3163 tis-66.
485 3102 612 3161 Feminae
625 3100 712 3161 enam
725 3101 899 3168 artimino,
915 3100 1046 3161 Vestales
1059 3110 1090 3159 et
1103 3099 1229 3169 rustice,

96 3200 321 3279 impudidtim‚
338 3200 475 3260 libidines
495 3200 699 3279 lasciviamque
713 3199 830 3261 discunt
847 3199 880 3258 in
891 3198 969 3259 ludis
982 3197 1112 3269 amnicis,
1125 3197 1156 3255 in
1169 3186 1231 3275 pri·

95 3298 146 3358 mis
157 3300 196 3358 sb
210 3297 418 3358 Atellanarum
431 3298 620 3359 histrionibus
637 3308 668 3359 et
686 3297 883 3377 pantomimis,
905 3318 998 3376 eoque
1018 3296 1102 3357 eitius
1115 3307 1146 3355 et
1158 3294 1230 3356 laei-

96 3398 164 3468 lius,
183 3420 246 3478 quo
263 3400 375 3480 majore
387 3400 419 3459 hi
432 3411 493 3459 arte
507 3420 553 3459 res
566 3402 715 3461 obse'oenas
728 3400 760 3459 in
776 3420 862 3461 saeua
875 3399 1007 3459 saltando
1019 3398 1232 3478 gesticulando·

95 3516 159 3575 que
171 3498 339 3577 exprimunt
351 3508 381 3559 et
393 3519 454 3578 quo
465 3498 578 3560 fseilius
591 3499 745 3559 disounmr
757 3520 803 3573 ea,
826 3518 895 3578 qna
907 3498 1000 3559 oeulis
1012 3498 1208 3579 subjiciuntur
1220 3521 1230 3557 s

93 3620 180 3672 num,
205 3611 243 3661 ut
265 3602 352 3661 verbs
367 3602 471 3663 Horat
491 3604 530 3663 A.
552 3602 585 3661 Ρ.
608 3609 665 3662 180
680 3622 738 3681 seq.
760 3620 826 3661 msa
844 3600 958 3675 faeiem,
982 3600 1104 3683 Segnius
1117 3598 1232 3661 irritant

91 3700 208 3759 asinas
224 3700 341 3760 donaro
355 3722 411 3781 per
425 3721 529 3771 aaron,
552 3700 643 3767 Quam
661 3720 723 3781 qua
735 3708 800 3760 aaut
817 3699 905 3759 asaias
923 3700 1045 3780 mbjeeta
1057 3700 1195 3777 fidelibus
1206 3705 1234 3759 s't

92 3822 157 3881 qaoe
177 3802 253 3881 Ipse
269 3802 324 3861 sibi
342 3803 429 3863 tradit
449 3810 593 3881 mactator.
634 3802 679 3861 Cf.
696 3802 833 3881 Cypriam
848 3802 943 3881 Epist.
958 3801 1002 3872 11,
1016 3808 1044 3860 2.
1059 3788 1192 3861 Laetam.
1208 3797 1233 3868 l,

91 3910 141 3961 2⁰.
164 3902 294 3962 Terruit
310 3904 349 3963 de
362 3914 453 3982 spect.
467 3924 491 3963 e.
509 3912 555 3970 17.
576 3903 643 3962 Seu.
658 3922 703 3981 ep.
719 3910 746 3970 7.
767 3914 797 3963 et
810 3902 925 3962 Colum.
939 3902 1025 3961 Prsef.
1067 3899 1235 3961 Herminius

90 4000 146 4060 bos
174 4020 281 4061 sersus
308 4002 350 4062 its
377 3994 555 4063 illustravit:
597 4010 616 4039 “
638 4001 740 4074 Quum
766 3999 917 4079 noque
943 4000 1067 4060 scienter
1094 3999 1180 4057 sabat
1206 4006 1242 4069 et⁸

91 4124 239 4162 mnunm
253 4104 403 4183 totiusque
415 4104 545 4184 eorporis
558 4103 674 4165 erudito
686 4112 768 4161 motu
782 4101 921 4181 exprimit
939 4100 1026 4161 heda
1038 4099 1156 4160 delicias
1167 4098 1237 4160 dori

90 4206 285 4278 blandientis,
303 4226 399 4285 usque
413 4206 485 4265 adeo
498 4205 636 4285 pruriunt
651 4204 759 4263 insanae
773 4202 966 4283 spectamina,
986 4212 1027 4275 ut*
1040 4222 1101 4281 prae
1116 4202 1238 4263 Veneris

95 4308 286 4389 impatientia
310 4307 415 4367 Tnario
437 4308 551 4386 (dedita
568 4327 657 4386 opera
669 4305 821 4367 Juvenalis
841 4304 890 4365 hie
902 4321 1009 4363 nomen
1024 4302 1148 4364 Vestalis
1160 4304 1238 4365 illius

94 4418 231 4487 usurpat,
248 4428 318 4486 quaa
331 4406 435 4467 hausta
448 4407 544 4466 cribro
557 4414 633 4486 a'qua
646 4402 819 4485 pudicitiam
832 4422 915 4464 suam
927 4402 1058 4472 asseruit,
1079 4422 1166 4481 quam
1186 4420 1241 4481 per

93 4517 288 4567 transennam
304 4514 335 4565 et
348 4506 404 4564 sub
417 4503 481 4583 ejus
497 4504 615 4565 nomine
634 4501 766 4563 omnium
780 4501 944 4563 Vestalium
963 4510 1086 4563 secrem
1106 4497 1242 4560 libidines

655 4600 679 4649 N
692 4606 707 4649 2
