<?xml version="1.0" encoding="UTF-8"?>
<!DOCTYPE html PUBLIC "-//W3C//DTD XHTML 1.0 Transitional//EN"
    "http://www.w3.org/TR/xhtml1/DTD/xhtml1-transitional.dtd">
<html xmlns="http://www.w3.org/1999/xhtml" xml:lang="en" lang="en">
 <head>
  <title>
</title>
<meta http-equiv="Content-Type" content="text/html;charset=utf-8" />
  <meta name='ocr-system' content='tesseract 3.04.00' />
  <meta name='ocr-capabilities' content='ocr_page ocr_carea ocr_par ocr_line ocrx_word'/>
</head>
<body>
  <div class='ocr_page' id='page_1' title='image "./djuniijuvenalis02persgoog_0106.png"; bbox 0 0 3100 5250; ppageno 0'>
   <div class='ocr_carea' id='block_1_1' title="bbox 485 434 1275 517">
    <p class='ocr_par' dir='ltr' id='par_1_1' title="bbox 485 434 1275 517">
     <span class='ocr_line' id='line_1_1' title="bbox 485 434 1275 517; baseline 0.003 -6"><span class='ocrx_word' id='word_1_1' title='bbox 485 447 537 511; x_wconf 84' lang='lat' dir='ltr'>iii</span> <span class='ocrx_word' id='word_1_2' title='bbox 557 447 722 515; x_wconf 77' lang='lat' dir='ltr'>iuvari.</span> <span class='ocrx_word' id='word_1_3' title='bbox 747 450 846 517; x_wconf 78' lang='lat' dir='ltr'>sir.</span> <span class='ocrx_word' id='word_1_4' title='bbox 872 434 937 517; x_wconf 85' lang='lat' dir='ltr'>ii&#39;i.</span> <span class='ocrx_word' id='word_1_5' title='bbox 1214 452 1275 513; x_wconf 75' lang='lat' dir='ltr'>iou</span> 
     </span>
    </p>
   </div>
   <div class='ocr_carea' id='block_1_2' title="bbox 142 619 1277 1414">
    <p class='ocr_par' dir='ltr' id='par_1_2' title="bbox 142 619 1277 1414">
     <span class='ocr_line' id='line_1_2' title="bbox 184 619 1273 701; baseline 0.01 -26"><span class='ocrx_word' id='word_1_6' title='bbox 184 624 245 676; x_wconf 76' lang='grc'><strong>104.</strong></span> <span class='ocrx_word' id='word_1_7' title='bbox 261 637 352 696; x_wconf 83' lang='lat' dir='ltr'>porea</span> <span class='ocrx_word' id='word_1_8' title='bbox 365 619 471 681; x_wconf 81' lang='lat' dir='ltr'>Graeoo</span> <span class='ocrx_word' id='word_1_9' title='bbox 484 622 614 683; x_wconf 88' lang='lat' dir='ltr'>moribus</span> <span class='ocrx_word' id='word_1_10' title='bbox 628 625 769 693; x_wconf 78' lang='lat' dir='ltr'>venustis,</span> <span class='ocrx_word' id='word_1_11' title='bbox 783 625 895 685; x_wconf 88' lang='lat' dir='ltr'>artibus</span> <span class='ocrx_word' id='word_1_12' title='bbox 908 634 939 685; x_wconf 91' lang='lat' dir='ltr'>et</span> <span class='ocrx_word' id='word_1_13' title='bbox 959 623 1089 701; x_wconf 79' lang='lat' dir='ltr'>iugenio,</span> <span class='ocrx_word' id='word_1_14' title='bbox 1110 621 1158 681; x_wconf 84' lang='lat' dir='ltr'>vel</span> <span class='ocrx_word' id='word_1_15' title='bbox 1177 620 1273 701; x_wconf 75' lang='lat' dir='ltr'>potina</span> 
     </span>
     <span class='ocr_line' id='line_1_3' title="bbox 143 719 1275 807; baseline 0.004 -30"><span class='ocrx_word' id='word_1_16' title='bbox 143 719 306 798; x_wconf 77' lang='lat' dir='ltr'>higratia</span> <span class='ocrx_word' id='word_1_17' title='bbox 328 722 472 795; x_wconf 67' lang='lat' dir='ltr'>divitum</span> <span class='ocrx_word' id='word_1_18' title='bbox 493 726 574 785; x_wconf 91' lang='lat' dir='ltr'>unde</span> <span class='ocrx_word' id='word_1_19' title='bbox 597 738 627 786; x_wconf 86' lang='lat' dir='ltr'>et</span> <span class='ocrx_word' id='word_1_20' title='bbox 653 727 836 807; x_wconf 60' lang='lat' dir='ltr'>melianum</span> <span class='ocrx_word' id='word_1_21' title='bbox 855 727 952 805; x_wconf 84' lang='lat' dir='ltr'>magia</span> <span class='ocrx_word' id='word_1_22' title='bbox 972 726 1070 805; x_wconf 86' lang='lat' dir='ltr'>plaoet</span> <span class='ocrx_word' id='word_1_23' title='bbox 1095 724 1275 799; x_wconf 73' lang='lat' dir='ltr'>hominibus,</span> 
     </span>
     <span class='ocr_line' id='line_1_4' title="bbox 143 823 1276 909; baseline 0.006 -27"><span class='ocrx_word' id='word_1_24' title='bbox 143 823 228 902; x_wconf 72' lang='lat' dir='ltr'>magia</span> <span class='ocrx_word' id='word_1_25' title='bbox 239 836 358 897; x_wconf 86' lang='lat' dir='ltr'>amatur</span> <span class='ocrx_word' id='word_1_26' title='bbox 370 838 401 886; x_wconf 91' lang='lat' dir='ltr'>et</span> <span class='ocrx_word' id='word_1_27' title='bbox 413 826 526 887; x_wconf 86' lang='lat' dir='ltr'>colitur.</span> <span class='ocrx_word' id='word_1_28' title='bbox 570 830 636 889; x_wconf 89' lang='grc'><strong>106.</strong></span> <span class='ocrx_word' id='word_1_29' title='bbox 657 830 767 890; x_wconf 77' lang='lat' dir='ltr'>Munus</span> <span class='ocrx_word' id='word_1_30' title='bbox 781 830 896 909; x_wconf 75' lang='lat' dir='ltr'>usuale,</span> <span class='ocrx_word' id='word_1_31' title='bbox 910 832 948 889; x_wconf 90' lang='lat' dir='ltr'>ab</span> <span class='ocrx_word' id='word_1_32' title='bbox 961 850 1021 900; x_wconf 89' lang='lat' dir='ltr'>ore,</span> <span class='ocrx_word' id='word_1_33' title='bbox 1036 850 1096 909; x_wconf 90' lang='lat' dir='ltr'>quo</span> <span class='ocrx_word' id='word_1_34' title='bbox 1116 850 1171 888; x_wconf 89' lang='lat' dir='ltr'>eas</span> <span class='ocrx_word' id='word_1_35' title='bbox 1189 848 1276 889; x_wconf 81' lang='lat' dir='ltr'>oseti·</span> 
     </span>
     <span class='ocr_line' id='line_1_5' title="bbox 142 926 1275 1013; baseline 0.007 -28"><span class='ocrx_word' id='word_1_36' title='bbox 142 926 211 986; x_wconf 85' lang='lat' dir='ltr'>latna</span> <span class='ocrx_word' id='word_1_37' title='bbox 230 940 280 997; x_wconf 83' lang='lat' dir='ltr'>est,</span> <span class='ocrx_word' id='word_1_38' title='bbox 293 928 423 1006; x_wconf 73' lang='lat' dir='ltr'>jactare</span> <span class='ocrx_word' id='word_1_39' title='bbox 435 941 467 989; x_wconf 87' lang='lat' dir='ltr'>et</span> <span class='ocrx_word' id='word_1_40' title='bbox 484 932 647 1011; x_wconf 82' lang='lat' dir='ltr'>porrigere,</span> <span class='ocrx_word' id='word_1_41' title='bbox 666 934 697 993; x_wconf 93' lang='lat' dir='ltr'>h.</span> <span class='ocrx_word' id='word_1_42' title='bbox 712 954 738 993; x_wconf 91' lang='lat' dir='ltr'>e.</span> <span class='ocrx_word' id='word_1_43' title='bbox 755 935 855 1013; x_wconf 73' lang='lat' dir='ltr'>jacere</span> <span class='ocrx_word' id='word_1_44' title='bbox 873 934 980 1004; x_wconf 79' lang='lat' dir='ltr'>oscula,</span> <span class='ocrx_word' id='word_1_45' title='bbox 1004 932 1084 1011; x_wconf 90' lang='lat' dir='ltr'>quod</span> <span class='ocrx_word' id='word_1_46' title='bbox 1098 930 1275 993; x_wconf 83' lang='lat' dir='ltr'>adulationis</span> 
     </span>
     <span class='ocr_line' id='line_1_6' title="bbox 143 1028 1277 1113; baseline 0.004 -30"><span class='ocrx_word' id='word_1_47' title='bbox 143 1028 389 1106; x_wconf 74' lang='lat' dir='ltr'>venerationisque</span> <span class='ocrx_word' id='word_1_48' title='bbox 402 1030 521 1108; x_wconf 78' lang='lat' dir='ltr'>signum</span> <span class='ocrx_word' id='word_1_49' title='bbox 535 1044 588 1102; x_wconf 87' lang='lat' dir='ltr'>est,</span> <span class='ocrx_word' id='word_1_50' title='bbox 603 1044 637 1093; x_wconf 86' lang='lat' dir='ltr'>ut</span> <span class='ocrx_word' id='word_1_51' title='bbox 646 1034 759 1112; x_wconf 81' lang='lat' dir='ltr'>pariter</span> <span class='ocrx_word' id='word_1_52' title='bbox 775 1033 904 1113; x_wconf 75' lang='lat' dir='ltr'>geruinus</span> <span class='ocrx_word' id='word_1_53' title='bbox 922 1033 1031 1093; x_wconf 81' lang='lat' dir='ltr'>tendere</span> <span class='ocrx_word' id='word_1_54' title='bbox 1050 1033 1081 1090; x_wconf 81' lang='lat' dir='ltr'>iu</span> <span class='ocrx_word' id='word_1_55' title='bbox 1100 1052 1152 1091; x_wconf 84' lang='lat' dir='ltr'>oro</span> <span class='ocrx_word' id='word_1_56' title='bbox 1172 1051 1277 1089; x_wconf 79' lang='lat' dir='ltr'>manaa</span> 
     </span>
     <span class='ocr_line' id='line_1_7' title="bbox 144 1125 1275 1210; baseline 0.004 -26"><span class='ocrx_word' id='word_1_57' title='bbox 144 1146 187 1203; x_wconf 88' lang='lat' dir='ltr'>ap.</span> <span class='ocrx_word' id='word_1_58' title='bbox 207 1125 285 1185; x_wconf 82' lang='lat' dir='ltr'>Mart.</span> <span class='ocrx_word' id='word_1_59' title='bbox 308 1128 351 1196; x_wconf 89' lang='lat' dir='ltr'>X,</span> <span class='ocrx_word' id='word_1_60' title='bbox 375 1135 422 1197; x_wconf 89' lang='grc'><strong>10,</strong></span> <span class='ocrx_word' id='word_1_61' title='bbox 447 1136 495 1189; x_wconf 84' lang='grc'><strong>10.</strong></span> <span class='ocrx_word' id='word_1_62' title='bbox 514 1150 542 1188; x_wconf 86' lang='lat' dir='ltr'>v.</span> <span class='ocrx_word' id='word_1_63' title='bbox 564 1131 600 1189; x_wconf 87' lang='lat' dir='ltr'>ad</span> <span class='ocrx_word' id='word_1_64' title='bbox 615 1131 677 1201; x_wconf 84' lang='lat' dir='ltr'>iv,</span> <span class='ocrx_word' id='word_1_65' title='bbox 695 1138 761 1191; x_wconf 82' lang='grc'><strong>110.</strong></span> <span class='ocrx_word' id='word_1_66' title='bbox 783 1132 982 1210; x_wconf 68' lang='grc' dir='ltr'>,Ιηῐοτρτουευ</span> <span class='ocrx_word' id='word_1_67' title='bbox 999 1130 1064 1193; x_wconf 74' lang='lat' dir='ltr'>hinc</span> <span class='ocrx_word' id='word_1_68' title='bbox 1084 1128 1161 1189; x_wconf 80' lang='lat' dir='ltr'>male</span> <span class='ocrx_word' id='word_1_69' title='bbox 1182 1146 1275 1206; x_wconf 80' lang='lat' dir='ltr'>expo·</span> 
     </span>
     <span class='ocr_line' id='line_1_8' title="bbox 144 1216 1275 1313; baseline 0.003 -26"><span class='ocrx_word' id='word_1_70' title='bbox 144 1239 220 1287; x_wconf 90' lang='lat' dir='ltr'>nunt</span> <span class='ocrx_word' id='word_1_71' title='bbox 297 1230 426 1301; x_wconf 79' lang='lat' dir='ltr'>laudare,</span> <span class='ocrx_word' id='word_1_72' title='bbox 441 1232 480 1291; x_wconf 86' lang='lat' dir='ltr'>ad</span> <span class='ocrx_word' id='word_1_73' title='bbox 492 1232 684 1305; x_wconf 87' lang='lat' dir='ltr'>laudandum,</span> <span class='ocrx_word' id='word_1_74' title='bbox 697 1216 828 1313; x_wconf 70' lang='lat' dir='ltr'>paratas,</span> <span class='ocrx_word' id='word_1_75' title='bbox 843 1234 892 1294; x_wconf 84' lang='lat' dir='ltr'>vel</span> <span class='ocrx_word' id='word_1_76' title='bbox 905 1234 1024 1294; x_wconf 90' lang='lat' dir='ltr'>laudare</span> <span class='ocrx_word' id='word_1_77' title='bbox 1037 1232 1148 1302; x_wconf 83' lang='lat' dir='ltr'>solitus,</span> <span class='ocrx_word' id='word_1_78' title='bbox 1167 1230 1275 1302; x_wconf 62' lang='lat' dir='ltr'>slahals,</span> 
     </span>
     <span class='ocr_line' id='line_1_9' title="bbox 143 1330 1274 1414; baseline 0 -23"><span class='ocrx_word' id='word_1_79' title='bbox 143 1342 175 1391; x_wconf 90' lang='lat' dir='ltr'>ut</span> <span class='ocrx_word' id='word_1_80' title='bbox 195 1330 243 1402; x_wconf 87' lang='lat' dir='ltr'>Vi,</span> <span class='ocrx_word' id='word_1_81' title='bbox 265 1331 314 1393; x_wconf 87' lang='lat'>16.</span> <span class='ocrx_word' id='word_1_82' title='bbox 335 1341 406 1399; x_wconf 78' lang='lat'>207.</span> <span class='ocrx_word' id='word_1_83' title='bbox 429 1334 487 1405; x_wconf 89' lang='lat' dir='ltr'>IX,</span> <span class='ocrx_word' id='word_1_84' title='bbox 507 1342 540 1401; x_wconf 84' lang='lat'>7..</span> <span class='ocrx_word' id='word_1_85' title='bbox 558 1344 605 1405; x_wconf 82' lang='lat'>49.</span> <span class='ocrx_word' id='word_1_86' title='bbox 619 1336 701 1405; x_wconf 79' lang='lat' dir='ltr'>iiii,</span> <span class='ocrx_word' id='word_1_87' title='bbox 726 1336 793 1397; x_wconf 88' lang='lat'>106.</span> <span class='ocrx_word' id='word_1_88' title='bbox 814 1338 909 1410; x_wconf 84' lang='lat' dir='ltr'>Xlll,</span> <span class='ocrx_word' id='word_1_89' title='bbox 924 1345 991 1397; x_wconf 89' lang='grc'><strong>108.</strong></span> <span class='ocrx_word' id='word_1_90' title='bbox 1005 1350 1037 1395; x_wconf 86' lang='lat' dir='ltr'>et</span> <span class='ocrx_word' id='word_1_91' title='bbox 1056 1336 1164 1414; x_wconf 84' lang='lat' dir='ltr'>passim</span> <span class='ocrx_word' id='word_1_92' title='bbox 1182 1333 1274 1395; x_wconf 83' lang='lat' dir='ltr'>alibi.-</span> 
     </span>
    </p>
   </div>
   <div class='ocr_carea' id='block_1_3' title="bbox 138 1433 1402 1517">
    <p class='ocr_par' dir='ltr' id='par_1_3' title="bbox 138 1433 1402 1517">
     <span class='ocr_line' id='line_1_10' title="bbox 138 1433 1402 1517; baseline 0.002 -24"><span class='ocrx_word' id='word_1_93' title='bbox 138 1452 204 1493; x_wconf 89' lang='lat' dir='ltr'>ium</span> <span class='ocrx_word' id='word_1_94' title='bbox 221 1433 283 1494; x_wconf 82' lang='lat' dir='ltr'>haee</span> <span class='ocrx_word' id='word_1_95' title='bbox 302 1433 443 1515; x_wconf 88' lang='lat' dir='ltr'>loquendi</span> <span class='ocrx_word' id='word_1_96' title='bbox 464 1438 698 1517; x_wconf 82' lang='lat' dir='ltr'>formulapoetae</span> <span class='ocrx_word' id='word_1_97' title='bbox 717 1450 820 1499; x_wconf 89' lang='lat' dir='ltr'>nostro</span> <span class='ocrx_word' id='word_1_98' title='bbox 835 1440 989 1500; x_wconf 82' lang='lat' dir='ltr'>familiaris</span> <span class='ocrx_word' id='word_1_99' title='bbox 1008 1446 1200 1499; x_wconf 76' lang='lat' dir='ltr'>ast-108.</span> <span class='ocrx_word' id='word_1_100' title='bbox 1233 1436 1274 1511; x_wconf 36' lang='lat' dir='ltr'>,Si</span> <span class='ocrx_word' id='word_1_101' title='bbox 1398 1468 1402 1474; x_wconf 93' lang='lat'><strong>·</strong></span> 
     </span>
    </p>
   </div>
   <div class='ocr_carea' id='block_1_4' title="bbox 125 1532 1373 2720">
    <p class='ocr_par' dir='ltr' id='par_1_4' title="bbox 125 1532 1373 2720">
     <span class='ocr_line' id='line_1_11' title="bbox 142 1532 1276 1618; baseline 0.006 -27"><span class='ocrx_word' id='word_1_102' title='bbox 142 1532 260 1601; x_wconf 83' lang='lat' dir='ltr'>trullum,</span> <span class='ocrx_word' id='word_1_103' title='bbox 273 1544 405 1611; x_wconf 77' lang='lat' dir='ltr'>potentin¹</span> <span class='ocrx_word' id='word_1_104' title='bbox 429 1536 661 1614; x_wconf 79' lang='lat' dir='ltr'>profundiorem,</span> <span class='ocrx_word' id='word_1_105' title='bbox 680 1539 782 1609; x_wconf 85' lang='lat' dir='ltr'>ebibit,</span> <span class='ocrx_word' id='word_1_106' title='bbox 811 1540 853 1599; x_wconf 85' lang='lat' dir='ltr'>ita</span> <span class='ocrx_word' id='word_1_107' title='bbox 880 1552 914 1599; x_wconf 89' lang='lat' dir='ltr'>ut</span> <span class='ocrx_word' id='word_1_108' title='bbox 923 1538 1053 1618; x_wconf 81' lang='lat' dir='ltr'>fundum</span> <span class='ocrx_word' id='word_1_109' title='bbox 1076 1537 1219 1597; x_wconf 67' lang='lat' dir='ltr'>inverterit</span> <span class='ocrx_word' id='word_1_110' title='bbox 1246 1546 1276 1598; x_wconf 81' lang='lat' dir='ltr'>et</span> 
     </span>
     <span class='ocr_line' id='line_1_12' title="bbox 145 1633 1290 1721; baseline 0.003 -30"><span class='ocrx_word' id='word_1_111' title='bbox 145 1641 232 1709; x_wconf 87' lang='lat' dir='ltr'>epoto</span> <span class='ocrx_word' id='word_1_112' title='bbox 250 1642 312 1699; x_wconf 88' lang='lat' dir='ltr'>toto</span> <span class='ocrx_word' id='word_1_113' title='bbox 331 1633 400 1693; x_wconf 87' lang='lat' dir='ltr'>viiio</span> <span class='ocrx_word' id='word_1_114' title='bbox 420 1634 509 1695; x_wconf 90' lang='lat' dir='ltr'>labris</span> <span class='ocrx_word' id='word_1_115' title='bbox 531 1656 642 1715; x_wconf 86' lang='lat' dir='ltr'>sugens</span> <span class='ocrx_word' id='word_1_116' title='bbox 663 1640 810 1716; x_wconf 80' lang='lat' dir='ltr'>crepuerit</span> <span class='ocrx_word' id='word_1_117' title='bbox 829 1640 1046 1718; x_wconf 81' lang='lat' dir='ltr'>strepitumque</span> <span class='ocrx_word' id='word_1_118' title='bbox 1064 1638 1188 1697; x_wconf 77' lang='lat' dir='ltr'>dederit</span> <span class='ocrx_word' id='word_1_119' title='bbox 1230 1636 1290 1721; x_wconf 41' lang='lat' dir='ltr'>iu.</span> 
     </span>
     <span class='ocr_line' id='line_1_13' title="bbox 143 1729 1277 1819; baseline 0.004 -31"><span class='ocrx_word' id='word_1_120' title='bbox 143 1729 267 1791; x_wconf 89' lang='lat' dir='ltr'>Tumeb.</span> <span class='ocrx_word' id='word_1_121' title='bbox 278 1732 356 1791; x_wconf 82' lang='lat' dir='ltr'>adv.</span> <span class='ocrx_word' id='word_1_122' title='bbox 372 1732 412 1803; x_wconf 85' lang='lat' dir='ltr'>X,</span> <span class='ocrx_word' id='word_1_123' title='bbox 428 1733 476 1795; x_wconf 81' lang='lat'>26.</span> <span class='ocrx_word' id='word_1_124' title='bbox 506 1737 567 1797; x_wconf 75' lang='lat' dir='ltr'>Cf.</span> <span class='ocrx_word' id='word_1_125' title='bbox 586 1737 697 1809; x_wconf 74' lang='lat' dir='ltr'>Aleiati</span> <span class='ocrx_word' id='word_1_126' title='bbox 710 1739 828 1819; x_wconf 81' lang='lat' dir='ltr'>Parerg.</span> <span class='ocrx_word' id='word_1_127' title='bbox 841 1740 909 1810; x_wconf 77' lang='lat' dir='ltr'>lui.</span> <span class='ocrx_word' id='word_1_128' title='bbox 924 1739 978 1808; x_wconf 89' lang='lat' dir='ltr'>vi,</span> <span class='ocrx_word' id='word_1_129' title='bbox 993 1748 1023 1799; x_wconf 79' lang='lat'>3.</span> <span class='ocrx_word' id='word_1_130' title='bbox 1037 1739 1090 1799; x_wconf 92' lang='lat' dir='ltr'>ubi</span> <span class='ocrx_word' id='word_1_131' title='bbox 1104 1748 1215 1807; x_wconf 89' lang='lat' dir='ltr'>monet,</span> <span class='ocrx_word' id='word_1_132' title='bbox 1229 1735 1277 1794; x_wconf 90' lang='lat' dir='ltr'>his</span> 
     </span>
     <span class='ocr_line' id='line_1_14' title="bbox 140 1830 1373 1917; baseline 0.005 -26"><span class='ocrx_word' id='word_1_133' title='bbox 140 1832 232 1893; x_wconf 80' lang='lat' dir='ltr'>verbis</span> <span class='ocrx_word' id='word_1_134' title='bbox 252 1834 437 1899; x_wconf 84' lang='lat' dir='ltr'>bibacitatem</span> <span class='ocrx_word' id='word_1_135' title='bbox 452 1837 550 1898; x_wconf 87' lang='lat' dir='ltr'>divitis</span> <span class='ocrx_word' id='word_1_136' title='bbox 563 1840 690 1917; x_wconf 85' lang='lat' dir='ltr'>exprimi</span> <span class='ocrx_word' id='word_1_137' title='bbox 703 1841 821 1901; x_wconf 76' lang='lat' dir='ltr'>nullam</span> <span class='ocrx_word' id='word_1_138' title='bbox 833 1842 1033 1903; x_wconf 77' lang='lat' dir='ltr'>exhaurientis</span> <span class='ocrx_word' id='word_1_139' title='bbox 1051 1853 1082 1902; x_wconf 92' lang='lat' dir='ltr'>et</span> <span class='ocrx_word' id='word_1_140' title='bbox 1101 1840 1277 1900; x_wconf 86' lang='lat' dir='ltr'>labellorum</span> <span class='ocrx_word' id='word_1_141' title='bbox 1369 1830 1373 1836; x_wconf 50' lang='lat'><strong>⁴</strong></span> 
     </span>
     <span class='ocr_line' id='line_1_15' title="bbox 133 1932 1275 2018; baseline 0.008 -29"><span class='ocrx_word' id='word_1_142' title='bbox 133 1932 245 2009; x_wconf 76' lang='lat' dir='ltr'>crepitu</span> <span class='ocrx_word' id='word_1_143' title='bbox 271 1934 305 1992; x_wconf 91' lang='lat' dir='ltr'>id</span> <span class='ocrx_word' id='word_1_144' title='bbox 331 1936 472 1997; x_wconf 87' lang='lat' dir='ltr'>testantis.</span> <span class='ocrx_word' id='word_1_145' title='bbox 512 1937 575 1999; x_wconf 85' lang='lat' dir='ltr'>Alii</span> <span class='ocrx_word' id='word_1_146' title='bbox 594 1938 624 1997; x_wconf 92' lang='lat' dir='ltr'>h.</span> <span class='ocrx_word' id='word_1_147' title='bbox 645 1940 665 1997; x_wconf 93' lang='lat' dir='ltr'>l.</span> <span class='ocrx_word' id='word_1_148' title='bbox 686 1941 861 2018; x_wconf 82' lang='lat' dir='ltr'>agiputant</span> <span class='ocrx_word' id='word_1_149' title='bbox 879 1941 919 2000; x_wconf 88' lang='lat' dir='ltr'>de</span> <span class='ocrx_word' id='word_1_150' title='bbox 938 1941 1058 2001; x_wconf 87' lang='lat' dir='ltr'>ludicro</span> <span class='ocrx_word' id='word_1_151' title='bbox 1075 1941 1275 2008; x_wconf 68' lang='lat' dir='ltr'>cottaborum</span> 
     </span>
     <span class='ocr_line' id='line_1_16' title="bbox 137 2024 1279 2121; baseline 0.008 -28"><span class='ocrx_word' id='word_1_152' title='bbox 137 2035 290 2115; x_wconf 75' lang='grc' dir='ltr'><strong><em>(κοττάβῳ)</em></strong></span> <span class='ocrx_word' id='word_1_153' title='bbox 303 2058 365 2115; x_wconf 87' lang='lat' dir='ltr'>quo</span> <span class='ocrx_word' id='word_1_154' title='bbox 378 2040 419 2108; x_wconf 90' lang='lat' dir='ltr'>id,</span> <span class='ocrx_word' id='word_1_155' title='bbox 434 2041 515 2118; x_wconf 91' lang='lat' dir='ltr'>quod</span> <span class='ocrx_word' id='word_1_156' title='bbox 528 2060 546 2101; x_wconf 83' lang='lat' dir='ltr'>a</span> <span class='ocrx_word' id='word_1_157' title='bbox 558 2052 632 2119; x_wconf 89' lang='lat' dir='ltr'>potu</span> <span class='ocrx_word' id='word_1_158' title='bbox 645 2041 793 2119; x_wconf 86' lang='lat' dir='ltr'>reliquum</span> <span class='ocrx_word' id='word_1_159' title='bbox 805 2054 869 2102; x_wconf 88' lang='lat' dir='ltr'>erat</span> <span class='ocrx_word' id='word_1_160' title='bbox 888 2045 920 2101; x_wconf 90' lang='lat' dir='ltr'>in</span> <span class='ocrx_word' id='word_1_161' title='bbox 939 2024 1057 2121; x_wconf 82' lang='lat' dir='ltr'>poculo,</span> <span class='ocrx_word' id='word_1_162' title='bbox 1073 2041 1212 2121; x_wconf 72' lang='grc' dir='ltr'>(ἀγκύλῃ)</span> <span class='ocrx_word' id='word_1_163' title='bbox 1235 2044 1279 2102; x_wconf 83' lang='lat' dir='ltr'>ita</span> 
     </span>
     <span class='ocr_line' id='line_1_17' title="bbox 129 2124 1279 2227; baseline 0.008 -36"><span class='ocrx_word' id='word_1_164' title='bbox 129 2134 161 2191; x_wconf 89' lang='lat' dir='ltr'>in</span> <span class='ocrx_word' id='word_1_165' title='bbox 172 2133 270 2195; x_wconf 89' lang='lat' dir='ltr'>altum</span> <span class='ocrx_word' id='word_1_166' title='bbox 280 2136 452 2214; x_wconf 74' lang='lat' dir='ltr'>jaciebatur,</span> <span class='ocrx_word' id='word_1_167' title='bbox 467 2124 502 2198; x_wconf 83' lang='lat' dir='ltr'>ui</span> <span class='ocrx_word' id='word_1_168' title='bbox 514 2141 546 2197; x_wconf 90' lang='lat' dir='ltr'>iri</span> <span class='ocrx_word' id='word_1_169' title='bbox 559 2160 651 2199; x_wconf 73' lang='lat' dir='ltr'>ereas</span> <span class='ocrx_word' id='word_1_170' title='bbox 662 2141 781 2201; x_wconf 79' lang='lat' dir='ltr'>eederet</span> <span class='ocrx_word' id='word_1_171' title='bbox 799 2138 913 2227; x_wconf 84' lang='lat' dir='ltr'>phialas</span> <span class='ocrx_word' id='word_1_172' title='bbox 933 2153 964 2199; x_wconf 90' lang='lat' dir='ltr'>et</span> <span class='ocrx_word' id='word_1_173' title='bbox 984 2143 1128 2218; x_wconf 82' lang='lat' dir='ltr'>strepitus</span> <span class='ocrx_word' id='word_1_174' title='bbox 1146 2131 1279 2220; x_wconf 72' lang='grc' dir='ltr'>(λάταξ)</span> 
     </span>
     <span class='ocr_line' id='line_1_18' title="bbox 129 2233 1281 2315; baseline 0.004 -22"><span class='ocrx_word' id='word_1_175' title='bbox 129 2233 281 2293; x_wconf 89' lang='lat' dir='ltr'>ederetur.</span> <span class='ocrx_word' id='word_1_176' title='bbox 290 2237 314 2271; x_wconf 71' lang='lat'>²²</span> <span class='ocrx_word' id='word_1_177' title='bbox 399 2236 528 2295; x_wconf 78' lang='lat' dir='ltr'>Trullum</span> <span class='ocrx_word' id='word_1_178' title='bbox 550 2257 664 2297; x_wconf 82' lang='lat' dir='ltr'>aureum</span> <span class='ocrx_word' id='word_1_179' title='bbox 686 2237 811 2315; x_wconf 81' lang='lat' dir='ltr'>quidem</span> <span class='ocrx_word' id='word_1_180' title='bbox 832 2238 872 2295; x_wconf 88' lang='lat' dir='ltr'>de</span> <span class='ocrx_word' id='word_1_181' title='bbox 896 2237 999 2305; x_wconf 84' lang='lat' dir='ltr'>calice,</span> <span class='ocrx_word' id='word_1_182' title='bbox 1024 2257 1043 2295; x_wconf 90' lang='lat' dir='ltr'>e</span> <span class='ocrx_word' id='word_1_183' title='bbox 1069 2258 1160 2295; x_wconf 88' lang='lat' dir='ltr'>mann</span> <span class='ocrx_word' id='word_1_184' title='bbox 1180 2238 1281 2298; x_wconf 87' lang='lat' dir='ltr'>divitis</span> 
     </span>
     <span class='ocr_line' id='line_1_19' title="bbox 125 2334 1281 2417; baseline 0.004 -23"><span class='ocrx_word' id='word_1_185' title='bbox 125 2334 263 2395; x_wconf 81' lang='lat' dir='ltr'>cadente</span> <span class='ocrx_word' id='word_1_186' title='bbox 276 2356 439 2416; x_wconf 86' lang='lat' dir='ltr'>sonumque</span> <span class='ocrx_word' id='word_1_187' title='bbox 457 2338 555 2408; x_wconf 83' lang='lat' dir='ltr'>dante,</span> <span class='ocrx_word' id='word_1_188' title='bbox 577 2338 777 2417; x_wconf 82' lang='lat' dir='ltr'>explicabant,</span> <span class='ocrx_word' id='word_1_189' title='bbox 791 2349 868 2398; x_wconf 89' lang='lat' dir='ltr'>teste</span> <span class='ocrx_word' id='word_1_190' title='bbox 886 2338 984 2397; x_wconf 81' lang='lat' dir='ltr'>Schot</span> <span class='ocrx_word' id='word_1_191' title='bbox 1004 2350 1063 2399; x_wconf 85' lang='lat' dir='ltr'>vet.</span> <span class='ocrx_word' id='word_1_192' title='bbox 1085 2340 1195 2399; x_wconf 85' lang='lat' dir='ltr'>rectius</span> <span class='ocrx_word' id='word_1_193' title='bbox 1211 2361 1281 2401; x_wconf 87' lang='lat' dir='ltr'>vero</span> 
     </span>
     <span class='ocr_line' id='line_1_20' title="bbox 126 2420 1281 2519; baseline 0.002 -20"><span class='ocrx_word' id='word_1_194' title='bbox 126 2439 178 2499; x_wconf 83' lang='lat' dir='ltr'>hio</span> <span class='ocrx_word' id='word_1_195' title='bbox 193 2438 292 2499; x_wconf 84' lang='lat' dir='ltr'>etalii</span> <span class='ocrx_word' id='word_1_196' title='bbox 306 2440 455 2501; x_wconf 82' lang='lat' dir='ltr'>delasano</span> <span class='ocrx_word' id='word_1_197' title='bbox 476 2462 499 2499; x_wconf 90' lang='lat' dir='ltr'>a.</span> <span class='ocrx_word' id='word_1_198' title='bbox 520 2440 592 2501; x_wconf 88' lang='lat' dir='ltr'>sella</span> <span class='ocrx_word' id='word_1_199' title='bbox 611 2420 792 2511; x_wconf 81' lang='lat' dir='ltr'>familiariea,</span> <span class='ocrx_word' id='word_1_200' title='bbox 813 2420 844 2499; x_wconf 84' lang='lat' dir='ltr'>iii</span> <span class='ocrx_word' id='word_1_201' title='bbox 864 2439 1088 2519; x_wconf 75' lang='lat' dir='ltr'>quemfundus</span> <span class='ocrx_word' id='word_1_202' title='bbox 1113 2440 1281 2512; x_wconf 78' lang='lat' dir='ltr'>invertatur,</span> 
     </span>
     <span class='ocr_line' id='line_1_21' title="bbox 132 2536 1279 2618; baseline 0.003 -20"><span class='ocrx_word' id='word_1_203' title='bbox 132 2537 232 2598; x_wconf 85' lang='lat' dir='ltr'>sordes</span> <span class='ocrx_word' id='word_1_204' title='bbox 255 2536 316 2596; x_wconf 88' lang='lat' dir='ltr'>alvi</span> <span class='ocrx_word' id='word_1_205' title='bbox 340 2558 409 2598; x_wconf 91' lang='lat' dir='ltr'>cum</span> <span class='ocrx_word' id='word_1_206' title='bbox 433 2538 540 2618; x_wconf 79' lang='lat' dir='ltr'>crepitu</span> <span class='ocrx_word' id='word_1_207' title='bbox 562 2539 673 2599; x_wconf 85' lang='lat' dir='ltr'>ventris</span> <span class='ocrx_word' id='word_1_208' title='bbox 695 2539 901 2607; x_wconf 85' lang='lat' dir='ltr'>immittantur,</span> <span class='ocrx_word' id='word_1_209' title='bbox 927 2538 975 2598; x_wconf 82' lang='lat' dir='ltr'>vel</span> <span class='ocrx_word' id='word_1_210' title='bbox 999 2539 1038 2598; x_wconf 91' lang='lat' dir='ltr'>de</span> <span class='ocrx_word' id='word_1_211' title='bbox 1063 2540 1132 2617; x_wconf 81' lang='lat' dir='ltr'>ipso</span> <span class='ocrx_word' id='word_1_212' title='bbox 1153 2540 1279 2601; x_wconf 83' lang='lat' dir='ltr'>divitum</span> 
     </span>
     <span class='ocr_line' id='line_1_22' title="bbox 133 2637 1276 2720; baseline 0.002 -22"><span class='ocrx_word' id='word_1_213' title='bbox 133 2649 232 2698; x_wconf 83' lang='lat' dir='ltr'>ventre</span> <span class='ocrx_word' id='word_1_214' title='bbox 246 2637 384 2716; x_wconf 78' lang='lat' dir='ltr'>crepitum</span> <span class='ocrx_word' id='word_1_215' title='bbox 398 2638 513 2709; x_wconf 87' lang='lat' dir='ltr'>edente,</span> <span class='ocrx_word' id='word_1_216' title='bbox 517 2637 616 2717; x_wconf 81' lang='lat' dir='ltr'>fundo</span> <span class='ocrx_word' id='word_1_217' title='bbox 631 2639 748 2709; x_wconf 79' lang='lat' dir='ltr'>inverso,</span> <span class='ocrx_word' id='word_1_218' title='bbox 763 2639 831 2714; x_wconf 77' lang='lat' dir='ltr'>he.</span> <span class='ocrx_word' id='word_1_219' title='bbox 846 2659 897 2698; x_wconf 88' lang='lat' dir='ltr'>ore</span> <span class='ocrx_word' id='word_1_220' title='bbox 909 2639 975 2717; x_wconf 85' lang='lat' dir='ltr'>ejus</span> <span class='ocrx_word' id='word_1_221' title='bbox 991 2659 1016 2700; x_wconf 87' lang='lat' dir='ltr'>a.</span> <span class='ocrx_word' id='word_1_222' title='bbox 1034 2658 1092 2699; x_wconf 90' lang='lat' dir='ltr'>ano</span> <span class='ocrx_word' id='word_1_223' title='bbox 1111 2638 1172 2698; x_wconf 90' lang='lat' dir='ltr'>ima</span> <span class='ocrx_word' id='word_1_224' title='bbox 1193 2661 1276 2720; x_wconf 88' lang='lat' dir='ltr'>spec·</span> 
     </span>
    </p>
   </div>
   <div class='ocr_carea' id='block_1_5' title="bbox 136 2739 1381 2824">
    <p class='ocr_par' dir='ltr' id='par_1_5' title="bbox 136 2739 1381 2824">
     <span class='ocr_line' id='line_1_23' title="bbox 136 2739 1381 2824; baseline 0.002 -23"><span class='ocrx_word' id='word_1_225' title='bbox 136 2753 211 2801; x_wconf 81' lang='lat' dir='ltr'>tante</span> <span class='ocrx_word' id='word_1_226' title='bbox 217 2763 227 2813; x_wconf 87' lang='lat'><strong>;</strong></span> <span class='ocrx_word' id='word_1_227' title='bbox 265 2741 438 2820; x_wconf 81' lang='lat' dir='ltr'>metaphora</span> <span class='ocrx_word' id='word_1_228' title='bbox 457 2739 549 2824; x_wconf 80' lang='lat' dir='ltr'>petita</span> <span class='ocrx_word' id='word_1_229' title='bbox 574 2762 591 2800; x_wconf 86' lang='lat' dir='ltr'>a</span> <span class='ocrx_word' id='word_1_230' title='bbox 613 2761 692 2812; x_wconf 84' lang='lat' dir='ltr'>vaae,</span> <span class='ocrx_word' id='word_1_231' title='bbox 720 2741 815 2820; x_wconf 27' lang='lat' dir='ltr'>quod!</span> <span class='ocrx_word' id='word_1_232' title='bbox 828 2741 956 2802; x_wconf 86' lang='lat' dir='ltr'>fundum</span> <span class='ocrx_word' id='word_1_233' title='bbox 981 2740 1133 2802; x_wconf 78' lang='lat' dir='ltr'>inversum</span> <span class='ocrx_word' id='word_1_234' title='bbox 1158 2743 1275 2813; x_wconf 89' lang='lat' dir='ltr'>habeat,</span> <span class='ocrx_word' id='word_1_235' title='bbox 1379 2814 1381 2818; x_wconf 23' lang='lat'>¹</span> 
     </span>
    </p>
   </div>
   <div class='ocr_carea' id='block_1_6' title="bbox 135 2840 1281 4238">
    <p class='ocr_par' dir='ltr' id='par_1_6' title="bbox 135 2840 1281 3932">
     <span class='ocr_line' id='line_1_24' title="bbox 139 2840 1277 2920; baseline 0 -20"><span class='ocrx_word' id='word_1_236' title='bbox 139 2861 225 2920; x_wconf 85' lang='lat' dir='ltr'>quum</span> <span class='ocrx_word' id='word_1_237' title='bbox 237 2861 274 2901; x_wconf 85' lang='lat' dir='ltr'>oa</span> <span class='ocrx_word' id='word_1_238' title='bbox 285 2851 398 2920; x_wconf 83' lang='lat' dir='ltr'>spectet</span> <span class='ocrx_word' id='word_1_239' title='bbox 412 2841 480 2910; x_wconf 89' lang='lat' dir='ltr'>ima,</span> <span class='ocrx_word' id='word_1_240' title='bbox 495 2841 548 2900; x_wconf 89' lang='lat' dir='ltr'>sed</span> <span class='ocrx_word' id='word_1_241' title='bbox 560 2840 599 2900; x_wconf 92' lang='lat' dir='ltr'>ad</span> <span class='ocrx_word' id='word_1_242' title='bbox 612 2841 741 2901; x_wconf 86' lang='lat' dir='ltr'>fundum</span> <span class='ocrx_word' id='word_1_243' title='bbox 759 2841 904 2902; x_wconf 85' lang='lat' dir='ltr'>sublimia.</span> <span class='ocrx_word' id='word_1_244' title='bbox 945 2841 1057 2900; x_wconf 89' lang='lat' dir='ltr'>Omnia</span> <span class='ocrx_word' id='word_1_245' title='bbox 1075 2841 1182 2904; x_wconf 86' lang='lat' dir='ltr'>saltem</span> <span class='ocrx_word' id='word_1_246' title='bbox 1199 2844 1277 2901; x_wconf 87' lang='lat' dir='ltr'>bene</span> 
     </span>
     <span class='ocr_line' id='line_1_25' title="bbox 136 2940 1278 3020; baseline -0.002 -18"><span class='ocrx_word' id='word_1_247' title='bbox 136 2940 356 3002; x_wconf 84' lang='lat' dir='ltr'>itamhaerent:</span> <span class='ocrx_word' id='word_1_248' title='bbox 379 2940 503 3002; x_wconf 85' lang='lat' dir='ltr'>Graecus</span> <span class='ocrx_word' id='word_1_249' title='bbox 516 2941 621 3020; x_wconf 83' lang='lat' dir='ltr'>quavis</span> <span class='ocrx_word' id='word_1_250' title='bbox 635 2941 784 3004; x_wconf 83' lang='lat' dir='ltr'>oceasioiie</span> <span class='ocrx_word' id='word_1_251' title='bbox 804 2941 905 3000; x_wconf 84' lang='lat' dir='ltr'>laudnt</span> <span class='ocrx_word' id='word_1_252' title='bbox 925 2940 1063 3009; x_wconf 87' lang='lat' dir='ltr'>amicum,</span> <span class='ocrx_word' id='word_1_253' title='bbox 1084 2940 1111 2998; x_wconf 86' lang='lat' dir='ltr'>si</span> <span class='ocrx_word' id='word_1_254' title='bbox 1130 2940 1180 2999; x_wconf 83' lang='lat' dir='ltr'>vel</span> <span class='ocrx_word' id='word_1_255' title='bbox 1202 2942 1278 3000; x_wconf 83' lang='lat' dir='ltr'>bene</span> 
     </span>
     <span class='ocr_line' id='line_1_26' title="bbox 136 3042 1279 3122; baseline -0.002 -18"><span class='ocrx_word' id='word_1_256' title='bbox 136 3044 270 3118; x_wconf 71' lang='lat' dir='ltr'>recusit,</span> <span class='ocrx_word' id='word_1_257' title='bbox 293 3043 410 3114; x_wconf 81' lang='lat' dir='ltr'>minxit,</span> <span class='ocrx_word' id='word_1_258' title='bbox 431 3042 562 3122; x_wconf 83' lang='lat' dir='ltr'>pepedit.</span> <span class='ocrx_word' id='word_1_259' title='bbox 603 3043 628 3102; x_wconf 88' lang='lat' dir='ltr'>F</span> <span class='ocrx_word' id='word_1_260' title='bbox 630 3044 752 3103; x_wconf 88' lang='lat' dir='ltr'>irmatur</span> <span class='ocrx_word' id='word_1_261' title='bbox 771 3044 860 3102; x_wconf 86' lang='lat' dir='ltr'>etiam</span> <span class='ocrx_word' id='word_1_262' title='bbox 880 3043 945 3102; x_wconf 86' lang='lat' dir='ltr'>haee</span> <span class='ocrx_word' id='word_1_263' title='bbox 965 3043 1168 3120; x_wconf 79' lang='lat' dir='ltr'>interpretatio</span> <span class='ocrx_word' id='word_1_264' title='bbox 1182 3043 1279 3102; x_wconf 85' lang='lat' dir='ltr'>verbis</span> 
     </span>
     <span class='ocr_line' id='line_1_27' title="bbox 137 3141 1278 3223; baseline -0.004 -17"><span class='ocrx_word' id='word_1_265' title='bbox 137 3144 290 3206; x_wconf 91' lang='lat' dir='ltr'>simillimis</span> <span class='ocrx_word' id='word_1_266' title='bbox 315 3144 442 3204; x_wconf 88' lang='lat' dir='ltr'>Diodori</span> <span class='ocrx_word' id='word_1_267' title='bbox 460 3143 628 3222; x_wconf 86' lang='lat' dir='ltr'>Sinopensis</span> <span class='ocrx_word' id='word_1_268' title='bbox 649 3163 695 3222; x_wconf 90' lang='lat' dir='ltr'>ap.</span> <span class='ocrx_word' id='word_1_269' title='bbox 720 3143 829 3204; x_wconf 88' lang='lat' dir='ltr'>Athen.</span> <span class='ocrx_word' id='word_1_270' title='bbox 850 3144 905 3213; x_wconf 91' lang='lat' dir='ltr'>v1,</span> <span class='ocrx_word' id='word_1_271' title='bbox 920 3152 950 3214; x_wconf 90' lang='lat'>9.</span> <span class='ocrx_word' id='word_1_272' title='bbox 966 3141 1044 3223; x_wconf 83' lang='lat'>(86.)</span> <span class='ocrx_word' id='word_1_273' title='bbox 1058 3163 1090 3220; x_wconf 90' lang='lat' dir='ltr'>p.</span> <span class='ocrx_word' id='word_1_274' title='bbox 1104 3151 1174 3213; x_wconf 76' lang='grc'><strong>239.</strong></span> <span class='ocrx_word' id='word_1_275' title='bbox 1215 3142 1278 3202; x_wconf 75' lang='lat' dir='ltr'>nn·</span> 
     </span>
     <span class='ocr_line' id='line_1_28' title="bbox 135 3243 1279 3330; baseline -0.002 -24"><span class='ocrx_word' id='word_1_276' title='bbox 135 3249 228 3330; x_wconf 67' lang='grc' dir='ltr'><strong><em>ῧστοςοο</em></strong></span> <span class='ocrx_word' id='word_1_277' title='bbox 240 3251 281 3306; x_wconf 78' lang='lat' dir='ltr'>als</span> <span class='ocrx_word' id='word_1_278' title='bbox 294 3247 436 3328; x_wconf 63' lang='grc' dir='ltr'>Ἠρακλέα</span> <span class='ocrx_word' id='word_1_279' title='bbox 448 3243 589 3318; x_wconf 66' lang='lat' dir='ltr'>muitum</span> <span class='ocrx_word' id='word_1_280' title='bbox 609 3245 662 3306; x_wconf 83' lang='lat' dir='ltr'>Ti&#39;u</span> <span class='ocrx_word' id='word_1_281' title='bbox 682 3248 783 3326; x_wconf 64' lang='lat' dir='ltr'>iia-igue</span> <span class='ocrx_word' id='word_1_282' title='bbox 796 3249 868 3318; x_wconf 75' lang='grc' dir='ltr'><strong><em>τοοὲς,</em></strong></span> <span class='ocrx_word' id='word_1_283' title='bbox 883 3246 1037 3327; x_wconf 60' lang='grc' dir='ltr'><strong><em>παρασίτους</em></strong></span> <span class='ocrx_word' id='word_1_284' title='bbox 1050 3247 1156 3318; x_wconf 64' lang='lat' dir='ltr'>itinerar</span> <span class='ocrx_word' id='word_1_285' title='bbox 1171 3248 1279 3328; x_wconf 65' lang='grc' dir='ltr'><strong><em>Τῄφεοο,</em></strong></span> 
     </span>
     <span class='ocr_line' id='line_1_29' title="bbox 142 3347 1279 3432; baseline -0.002 -22"><span class='ocrx_word' id='word_1_286' title='bbox 142 3353 296 3432; x_wconf 65' lang='lat' dir='ltr'>segnitior</span> <span class='ocrx_word' id='word_1_287' title='bbox 310 3352 372 3431; x_wconf 71' lang='grc' dir='ltr'><strong><em>οὐχι·</em></strong></span> <span class='ocrx_word' id='word_1_288' title='bbox 383 3351 441 3416; x_wconf 76' lang='grc' dir='ltr'><strong><em>τοὺς</em></strong></span> <span class='ocrx_word' id='word_1_289' title='bbox 454 3350 638 3430; x_wconf 64' lang='grc' dir='ltr'><strong><em>χοοςοοστάτους</em></strong></span> <span class='ocrx_word' id='word_1_290' title='bbox 652 3347 845 3428; x_wconf 76' lang='grc' dir='ltr'>Ἐκλεγόμεοοο,</span> <span class='ocrx_word' id='word_1_291' title='bbox 854 3352 911 3416; x_wconf 72' lang='grc' dir='ltr'><strong><em>τοὺς</em></strong></span> <span class='ocrx_word' id='word_1_292' title='bbox 925 3349 951 3407; x_wconf 77' lang='lat' dir='ltr'>di</span> <span class='ocrx_word' id='word_1_293' title='bbox 971 3347 1126 3426; x_wconf 77' lang='grc' dir='ltr'><strong><em>κολυκούοιο</em></strong></span> <span class='ocrx_word' id='word_1_294' title='bbox 1136 3351 1279 3420; x_wconf 67' lang='lat' dir='ltr'>inunitam</span> 
     </span>
     <span class='ocr_line' id='line_1_30' title="bbox 142 3446 1278 3531; baseline -0.003 -20"><span class='ocrx_word' id='word_1_295' title='bbox 142 3454 200 3511; x_wconf 76' lang='lat' dir='ltr'>itai</span> <span class='ocrx_word' id='word_1_296' title='bbox 217 3450 290 3508; x_wconf 67' lang='grc' dir='ltr'>τάπ’</span> <span class='ocrx_word' id='word_1_297' title='bbox 302 3451 410 3510; x_wconf 61' lang='lat' dir='ltr'>iratum</span> <span class='ocrx_word' id='word_1_298' title='bbox 432 3446 468 3515; x_wconf 70' lang='grc' dir='ltr'>οἷς</span> <span class='ocrx_word' id='word_1_299' title='bbox 486 3450 566 3516; x_wconf 63' lang='lat' dir='ltr'>tuiti</span> <span class='ocrx_word' id='word_1_300' title='bbox 584 3450 732 3528; x_wconf 65' lang='grc' dir='ltr'><strong><em>τροσορὺγοο,</em></strong></span> <span class='ocrx_word' id='word_1_301' title='bbox 746 3449 893 3524; x_wconf 64' lang='lat' dir='ltr'>‘Papanios</span> <span class='ocrx_word' id='word_1_302' title='bbox 907 3452 955 3523; x_wconf 64' lang='lat' dir='ltr'>aet</span> <span class='ocrx_word' id='word_1_303' title='bbox 969 3452 1057 3528; x_wconf 65' lang='grc' dir='ltr'>σαπρὸν</span> <span class='ocrx_word' id='word_1_304' title='bbox 1070 3450 1178 3531; x_wconf 61' lang='grc' dir='ltr'><strong><em>σίλουρον</em></strong></span> <span class='ocrx_word' id='word_1_305' title='bbox 1190 3471 1278 3526; x_wconf 82' lang='grc' dir='ltr'><strong><em>κοιτα-</em></strong></span> 
     </span>
     <span class='ocr_line' id='line_1_31' title="bbox 148 3546 1280 3632; baseline -0.001 -24"><span class='ocrx_word' id='word_1_306' title='bbox 148 3551 247 3630; x_wconf 68' lang='lat' dir='ltr'>papilii,</span> <span class='ocrx_word' id='word_1_307' title='bbox 257 3551 306 3610; x_wconf 81' lang='grc' dir='ltr'>’1οο</span> <span class='ocrx_word' id='word_1_308' title='bbox 325 3557 373 3610; x_wconf 75' lang='lat' dir='ltr'>aaa*</span> <span class='ocrx_word' id='word_1_309' title='bbox 386 3549 434 3632; x_wconf 67' lang='grc' dir='ltr'>ῥόδ’</span> <span class='ocrx_word' id='word_1_310' title='bbox 449 3547 546 3628; x_wconf 73' lang='lat' dir='ltr'>iperet</span> <span class='ocrx_word' id='word_1_311' title='bbox 557 3551 631 3608; x_wconf 78' lang='grc' dir='ltr'><strong><em>αὐτὸο</em></strong></span> <span class='ocrx_word' id='word_1_312' title='bbox 644 3547 806 3629; x_wconf 58' lang='lat' dir='ltr'>deruentium.</span> <span class='ocrx_word' id='word_1_313' title='bbox 829 3546 911 3608; x_wconf 79' lang='lat' dir='ltr'>-&#39;Edi</span> <span class='ocrx_word' id='word_1_314' title='bbox 930 3548 952 3606; x_wconf 78' lang='grc' dir='ltr'>δ’</span> <span class='ocrx_word' id='word_1_315' title='bbox 973 3551 1107 3630; x_wconf 61' lang='grc' dir='ltr'>ἀποπάρδῃ</span> <span class='ocrx_word' id='word_1_316' title='bbox 1126 3552 1197 3622; x_wconf 70' lang='lat' dir='ltr'>uarii</span> <span class='ocrx_word' id='word_1_317' title='bbox 1217 3569 1280 3615; x_wconf 75' lang='grc' dir='ltr'><strong><em>τινος</em></strong></span> 
     </span>
     <span class='ocr_line' id='line_1_32' title="bbox 145 3649 1279 3734; baseline -0.004 -20"><span class='ocrx_word' id='word_1_318' title='bbox 145 3653 332 3724; x_wconf 66' lang='lat' dir='ltr'>eomitante,</span> <span class='ocrx_word' id='word_1_319' title='bbox 347 3653 434 3732; x_wconf 75' lang='grc' dir='ltr'>Τυῦτῳ</span> <span class='ocrx_word' id='word_1_320' title='bbox 446 3655 577 3734; x_wconf 53' lang='lat' dir='ltr'>mundym</span> <span class='ocrx_word' id='word_1_321' title='bbox 590 3653 634 3720; x_wconf 78' lang='grc' dir='ltr'>τὴν</span> <span class='ocrx_word' id='word_1_322' title='bbox 646 3653 697 3734; x_wconf 58' lang='lat' dir='ltr'>fidu</span> <span class='ocrx_word' id='word_1_323' title='bbox 712 3649 769 3707; x_wconf 70' lang='lat' dir='ltr'>leir&#39;</span> <span class='ocrx_word' id='word_1_324' title='bbox 785 3651 865 3727; x_wconf 70' lang='grc' dir='ltr'>οιῦτζίοΙ</span> <span class='ocrx_word' id='word_1_325' title='bbox 878 3652 981 3730; x_wconf 65' lang='grc' dir='ltr'><strong><em>φράσω,</em></strong></span> <span class='ocrx_word' id='word_1_326' title='bbox 1003 3651 1086 3711; x_wconf 63' lang='lat' dir='ltr'>nihii</span> <span class='ocrx_word' id='word_1_327' title='bbox 1105 3656 1134 3711; x_wconf 80' lang='grc' dir='ltr'>τ1</span> <span class='ocrx_word' id='word_1_328' title='bbox 1152 3651 1279 3723; x_wconf 60' lang='grc' dir='ltr'>θυμίαμα</span> 
     </span>
     <span class='ocr_line' id='line_1_33' title="bbox 146 3747 1281 3831; baseline -0.002 -19"><span class='ocrx_word' id='word_1_329' title='bbox 146 3754 221 3812; x_wconf 78' lang='grc' dir='ltr'><strong><em>τοῦτο</em></strong></span> <span class='ocrx_word' id='word_1_330' title='bbox 247 3751 408 3826; x_wconf 62' lang='lat' dir='ltr'>hauddum</span> <span class='ocrx_word' id='word_1_331' title='bbox 450 3753 499 3812; x_wconf 90' lang='lat' dir='ltr'>De</span> <span class='ocrx_word' id='word_1_332' title='bbox 518 3750 653 3831; x_wconf 82' lang='lat' dir='ltr'>parasitis</span> <span class='ocrx_word' id='word_1_333' title='bbox 672 3761 771 3808; x_wconf 89' lang='lat' dir='ltr'>autem</span> <span class='ocrx_word' id='word_1_334' title='bbox 799 3760 831 3807; x_wconf 91' lang='lat' dir='ltr'>et</span> <span class='ocrx_word' id='word_1_335' title='bbox 856 3749 1056 3810; x_wconf 85' lang='lat' dir='ltr'>adulatoribus</span> <span class='ocrx_word' id='word_1_336' title='bbox 1074 3751 1190 3830; x_wconf 81' lang='lat' dir='ltr'>prolixe</span> <span class='ocrx_word' id='word_1_337' title='bbox 1217 3747 1281 3826; x_wconf 78' lang='lat' dir='ltr'>agit</span> 
     </span>
     <span class='ocr_line' id='line_1_34' title="bbox 143 3835 762 3932; baseline -0.01 -16"><span class='ocrx_word' id='word_1_338' title='bbox 143 3851 261 3916; x_wconf 73' lang='lat' dir='ltr'>Auen.</span> <span class='ocrx_word' id='word_1_339' title='bbox 274 3852 327 3923; x_wconf 84' lang='lat' dir='ltr'>vi,</span> <span class='ocrx_word' id='word_1_340' title='bbox 341 3859 445 3913; x_wconf 80' lang='lat' dir='ltr'>s-is.</span> <span class='ocrx_word' id='word_1_341' title='bbox 460 3850 620 3932; x_wconf 38' lang='grc' dir='ltr'>(ουτ-ου.)</span> <span class='ocrx_word' id='word_1_342' title='bbox 652 3909 654 3916; x_wconf 82' lang='grc'><em>,</em></span> <span class='ocrx_word' id='word_1_343' title='bbox 760 3835 762 3840; x_wconf 73' lang='lat'>&#39;</span> 
     </span>
    </p>

    <p class='ocr_par' dir='ltr' id='par_1_7' title="bbox 138 3950 1281 4238">
     <span class='ocr_line' id='line_1_35' title="bbox 187 3950 1281 4026; baseline -0.009 -11"><span class='ocrx_word' id='word_1_344' title='bbox 187 3961 256 4026; x_wconf 86' lang='grc'><strong>109.</strong></span> <span class='ocrx_word' id='word_1_345' title='bbox 277 3953 346 4014; x_wconf 73' lang='lat' dir='ltr'>sitit</span> <span class='ocrx_word' id='word_1_346' title='bbox 357 3963 482 4014; x_wconf 74' lang='lat' dir='ltr'>amotum</span> <span class='ocrx_word' id='word_1_347' title='bbox 502 3963 532 4013; x_wconf 91' lang='lat' dir='ltr'>et</span> <span class='ocrx_word' id='word_1_348' title='bbox 555 3952 723 4013; x_wconf 85' lang='lat' dir='ltr'>venerabile</span> <span class='ocrx_word' id='word_1_349' title='bbox 748 3960 788 4011; x_wconf 84' lang='lat' dir='ltr'>eat</span> <span class='ocrx_word' id='word_1_350' title='bbox 813 3950 935 4011; x_wconf 77' lang='lat' dir='ltr'>Graecia</span> <span class='ocrx_word' id='word_1_351' title='bbox 951 3972 985 4012; x_wconf 89' lang='lat' dir='ltr'>ae</span> <span class='ocrx_word' id='word_1_352' title='bbox 1007 3951 1155 4012; x_wconf 85' lang='lat' dir='ltr'>Romania.</span> <span class='ocrx_word' id='word_1_353' title='bbox 1234 3950 1281 4008; x_wconf 80' lang='lat' dir='ltr'>in.</span> 
     </span>
     <span class='ocr_line' id='line_1_36' title="bbox 139 4048 1280 4136; baseline -0.004 -24"><span class='ocrx_word' id='word_1_354' title='bbox 139 4054 238 4136; x_wconf 76' lang='lat' dir='ltr'>guisia,</span> <span class='ocrx_word' id='word_1_355' title='bbox 265 4053 393 4114; x_wconf 91' lang='lat' dir='ltr'>libidine.</span> <span class='ocrx_word' id='word_1_356' title='bbox 476 4052 557 4123; x_wconf 81' lang='lat' dir='ltr'>iuria,</span> <span class='ocrx_word' id='word_1_357' title='bbox 579 4053 695 4122; x_wconf 88' lang='lat' dir='ltr'>doinus,</span> <span class='ocrx_word' id='word_1_358' title='bbox 719 4061 856 4122; x_wconf 82' lang='lat' dir='ltr'>matrona,</span> <span class='ocrx_word' id='word_1_359' title='bbox 880 4050 1105 4111; x_wconf 80' lang='lat' dir='ltr'>materfamilias.</span> <span class='ocrx_word' id='word_1_360' title='bbox 1186 4048 1280 4121; x_wconf 76' lang='lat' dir='ltr'>Leuis,</span> 
     </span>
     <span class='ocr_line' id='line_1_37' title="bbox 138 4151 1280 4238; baseline -0.004 -19"><span class='ocrx_word' id='word_1_361' title='bbox 138 4161 224 4229; x_wconf 67' lang='lat' dir='ltr'>habe,</span> <span class='ocrx_word' id='word_1_362' title='bbox 238 4157 357 4238; x_wconf 89' lang='lat' dir='ltr'>proprie</span> <span class='ocrx_word' id='word_1_363' title='bbox 377 4157 496 4237; x_wconf 88' lang='lat' dir='ltr'>politus,</span> <span class='ocrx_word' id='word_1_364' title='bbox 519 4176 580 4216; x_wconf 92' lang='lat' dir='ltr'>non</span> <span class='ocrx_word' id='word_1_365' title='bbox 600 4174 685 4236; x_wconf 86' lang='lat' dir='ltr'>asper</span> <span class='ocrx_word' id='word_1_366' title='bbox 704 4165 784 4218; x_wconf 83' lang='lat' dir='ltr'>tactu</span> <span class='ocrx_word' id='word_1_367' title='bbox 793 4179 804 4227; x_wconf 87' lang='lat'>;</span> <span class='ocrx_word' id='word_1_368' title='bbox 824 4155 894 4216; x_wconf 90' lang='lat' dir='ltr'>hinc</span> <span class='ocrx_word' id='word_1_369' title='bbox 908 4166 1000 4229; x_wconf 86' lang='lat' dir='ltr'>tener,</span> <span class='ocrx_word' id='word_1_370' title='bbox 1013 4151 1119 4221; x_wconf 89' lang='lat' dir='ltr'>mollis,</span> <span class='ocrx_word' id='word_1_371' title='bbox 1133 4151 1280 4216; x_wconf 83' lang='lat' dir='ltr'>imberbis.</span> 
     </span>
    </p>
   </div>
   <div class='ocr_carea' id='block_1_7' title="bbox 143 4373 1281 4506">
    <p class='ocr_par' dir='ltr' id='par_1_8' title="bbox 143 4373 1281 4506">
     <span class='ocr_line' id='line_1_38' title="bbox 170 4373 1281 4438; baseline -0.002 -12"><span class='ocrx_word' id='word_1_372' title='bbox 170 4383 190 4412; x_wconf 75' lang='lat'><strong>¹</strong></span> <span class='ocrx_word' id='word_1_373' title='bbox 206 4396 230 4428; x_wconf 85' lang='grc' dir='ltr'>τ.</span> <span class='ocrx_word' id='word_1_374' title='bbox 256 4378 349 4428; x_wconf 82' lang='lat' dir='ltr'>Pottari</span> <span class='ocrx_word' id='word_1_375' title='bbox 372 4377 492 4426; x_wconf 77' lang='lat' dir='ltr'>Archnol.</span> <span class='ocrx_word' id='word_1_376' title='bbox 507 4377 550 4426; x_wconf 88' lang='lat' dir='ltr'>Gr.</span> <span class='ocrx_word' id='word_1_377' title='bbox 571 4375 608 4431; x_wconf 85' lang='lat'>11.</span> <span class='ocrx_word' id='word_1_378' title='bbox 627 4383 650 4435; x_wconf 80' lang='lat' dir='ltr'>t,</span> <span class='ocrx_word' id='word_1_379' title='bbox 667 4383 706 4426; x_wconf 78' lang='lat'>20.</span> <span class='ocrx_word' id='word_1_380' title='bbox 733 4377 829 4428; x_wconf 81' lang='lat' dir='ltr'>Pollux.</span> <span class='ocrx_word' id='word_1_381' title='bbox 844 4379 892 4437; x_wconf 88' lang='lat' dir='ltr'>vi,</span> <span class='ocrx_word' id='word_1_382' title='bbox 908 4381 945 4428; x_wconf 85' lang='lat'>19.</span> <span class='ocrx_word' id='word_1_383' title='bbox 959 4373 1161 4438; x_wconf 53' lang='lat' dir='ltr'>minmithm</span> <span class='ocrx_word' id='word_1_384' title='bbox 1174 4377 1281 4435; x_wconf 56' lang='lat' dir='ltr'>xima.</span> 
     </span>
     <span class='ocr_line' id='line_1_39' title="bbox 143 4443 625 4506; baseline -0.012 -9"><span class='ocrx_word' id='word_1_385' title='bbox 143 4450 181 4497; x_wconf 77' lang='lat' dir='ltr'>es.</span> <span class='ocrx_word' id='word_1_386' title='bbox 196 4450 238 4496; x_wconf 75' lang='lat' dir='ltr'>re.</span> <span class='ocrx_word' id='word_1_387' title='bbox 251 4455 277 4494; x_wconf 72' lang='lat' dir='ltr'>a</span> <span class='ocrx_word' id='word_1_388' title='bbox 296 4443 358 4502; x_wconf 85' lang='lat' dir='ltr'>xv,</span> <span class='ocrx_word' id='word_1_389' title='bbox 371 4449 444 4492; x_wconf 83' lang='lat' dir='ltr'>a-i.</span> <span class='ocrx_word' id='word_1_390' title='bbox 458 4457 482 4505; x_wconf 69' lang='grc' dir='ltr'><strong>μ</strong></span> <span class='ocrx_word' id='word_1_391' title='bbox 494 4448 542 4492; x_wconf 82' lang='lat' dir='ltr'>aaa</span> <span class='ocrx_word' id='word_1_392' title='bbox 554 4457 603 4506; x_wconf 70' lang='lat' dir='ltr'>seq.</span> <span class='ocrx_word' id='word_1_393' title='bbox 623 4453 625 4456; x_wconf 94' lang='lat'>·</span> 
     </span>
    </p>
   </div>
   <div class='ocr_carea' id='block_1_8' title="bbox 672 4527 722 4578">
    <p class='ocr_par' dir='ltr' id='par_1_9' title="bbox 672 4527 722 4578">
     <span class='ocr_line' id='line_1_40' title="bbox 672 4527 722 4578; baseline 0 0"><span class='ocrx_word' id='word_1_394' title='bbox 672 4527 722 4578; x_wconf 65' lang='lat' dir='ltr'>Gt</span> 
     </span>
    </p>
   </div>
   <div class='ocr_carea' id='block_1_9' title="bbox 0 0 1561 5250">
    <p class='ocr_par' dir='ltr' id='par_1_10' title="bbox 0 0 1561 5250">
     <span class='ocr_line' id='line_1_41' title="bbox 0 0 1561 5250; baseline 0 0"><span class='ocrx_word' id='word_1_395' title='bbox 0 0 1561 5250; x_wconf 95' lang='lat' dir='ltr'> </span> 
     </span>
    </p>
   </div>
  </div>
 </body>
</html>
