3100 5250
319 407 384 468 202
687 397 1076 474 COMMENTARIUS

323 577 564 650 emanaturas
572 577 665 658 videt)
679 580 781 640 modos
793 579 980 646 sdntionum
989 590 1196 659 granumque,
1210 576 1350 646 Subitam,
1360 566 1457 632 llice·

324 679 413 738 roblle
425 689 455 739 et
467 679 603 757 Longum,
628 679 677 760 (de
690 680 904 759 quibusmodis
925 702 954 741 v.
975 680 1089 749 Pollux,
1109 679 1206 758 qualia
1224 677 1315 738 ctiam
1332 677 1457 736 unnim

324 775 429 836 nnstrls
442 775 639 837 saltationibus
652 776 716 836 dari
728 777 875 857 videmus)
889 777 1054 856 speetatrix,
1068 774 1384 856 quannnnrisnaffla,
1396 773 1457 832 Iros

325 883 424 952 gastus
446 883 566 932 conatur
587 873 704 943 imitari
723 885 754 934 et
773 875 815 935 ita
832 897 864 935 se
882 885 990 945 movet,
1014 886 1135 934 ut·ruox
1152 871 1256 935 ‘sutura
1272 872 1309 932 u't
1318 872 1457 950 gestim-

326 969 426 1030 latria:
448 969 527 1030 unde
539 970 643 1032 festive
655 969 706 1030 ills
717 971 824 1032 mulier
836 991 889 1050 per
901 971 1135 1050 anticipationem
1157 968 1287 1048 rapiet
1294 988 1455 1046 nuncupa·

325 1082 383 1142 tur,
404 1071 464 1130 sive
484 1071 564 1150 quod
587 1072 735 1150 Thymelen
754 1073 906 1150 exprimat,
929 1073 980 1151 (de
1000 1094 1058 1151 qua
1077 1094 1108 1132 v.
1122 1073 1202 1146 adl,
1216 1071 1281 1151 36.)
1299 1091 1351 1132 seu
1369 1071 1457 1150 quod

329 1173 458 1252 Thymele
471 1173 570 1233 sutura
583 1171 645 1234 sit!¹
686 1173 815 1234 Bahrdt:
845 1173 894 1233 Wo
910 1175 1039 1253 Thymele
1051 1175 1104 1234 dna
1117 1172 1244 1254 Hffd‘r
1266 1173 1334 1232 Dur
1346 1172 1455 1232 Malai-

325 1273 470 1353 dregeude,
491 1273 558 1332 Dar
578 1271 814 1334 Selmnclstrvolle
832 1274 883 1332 der
906 1273 1079 1353 Umarrnung
1099 1275 1194 1344 mets,
1220 1273 1295 1343 Uad,
1317 1273 1387 1332 aori
1407 1273 1453 1332 ata

325 1375 447 1434 ldndlicl
464 1375 606 1445 aridulam,
625 1375 708 1434 aulon
727 1375 807 1434 tems
848 1377 968 1436 Prateus
986 1374 1133 1453 designari
1152 1376 1224 1436 dicit
1240 1385 1341 1436 motus
1361 1375 1453 1434 rarius

325 1483 473 1552 aegeatae
485 1491 503 1530 a
515 1471 604 1531 mimo
617 1491 775 1549 expressos,
796 1471 844 1530 rel
863 1473 950 1532 etiam
963 1472 1080 1533 voculas
1094 1493 1173 1532 nunc
1192 1473 1289 1542 ubila,
1310 1491 1390 1532 nunc
1401 1471 1452 1530 asi-

327 1569 485 1628 sorbilia
497 1567 673 1638 enunciatas,
686 1587 767 1628 nunc
786 1567 818 1627 in
829 1569 937 1649 bugum
950 1580 1056 1629 tractas
1068 1569 1108 1628 ad
1119 1569 1232 1628 luctum
1243 1567 1450 1632 exhibendum.

329 1668 444 1746 Reliqui
459 1668 579 1745 interpr.
594 1667 655 1728 fere
664 1677 768 1728 meent

368 1769 496 1835 67-70.
510 1767 586 1828 Aliae
599 1781 738 1830 matrona·
751 1770 947 1851 virginesque,
966 1771 1082 1849 quoties
1093 1769 1158 1832 ludi
1170 1771 1289 1850 publice
1301 1789 1364 1828 non
1380 1767 1451 1827 ‹bn-

325 1883 383 1942 ων,
397 1871 467 1949 ipsae
480 1871 601 1950 priuatis
613 1873 646 1932 in
658 1872 770 1933 aedibus
786 1893 836 1934 eos
848 1886 951 1952 agunt.
1045 1873 1145 1934 Aulaea
1159 1873 1225 1934 vela
1242 1873 1321 1952 pieta
1335 1872 1368 1930 in
1381 1868 1452 1930 aedi·

328 1970 395 2041 bus,
418 1969 578 2048 porticibus
597 1990 632 2028 se
651 1970 781 2043 theatris,
802 1971 855 2050 (de
868 1971 975 2050 quibus
987 1993 1016 2031 v.
1029 1971 1092 2032 loca
1106 1972 1190 2034 class.
1201 1972 1287 2033 Orid.
1302 1971 1375 2030 Met
1388 1970 1451 2041 111,

330 2076 462 2154 ltlseq.
475 2061 559 2146 Virg.
574 2069 628 2128 Ge.
644 2068 703 2138 111,
724 2077 772 2130 25.
793 2081 824 2129 et
843 2070 961 2130 Lucret
982 2071 1037 2143 IV,
1059 2079 1097 2138 73
1118 2073 1192 2151 seq.)
1215 2071 1291 2130 unde
1311 2069 1341 2128 b.
1354 2069 1375 2131 l.
1393 2089 1454 2147 pro

331 2166 403 2244 ipsis
423 2163 543 2227 theatris
565 2166 710 2246 ludisque.
751 2166 800 2228 68.
818 2177 918 2228 ”aaut
939 2168 998 2228 cola
1009 2151 1149 2248 furnio
1168 2171 1239 2230 foris
1257 2181 1379 2239 tantiam,
1397 2168 1452 2226 ubi

329 2289 423 2328 musae
436 2278 574 2346 aguntur,
589 2269 725 2348 strepitus
738 2270 865 2341 cuditur,
886 2289 946 2330 non
959 2271 990 2330 in
1004 2271 1131 2332 theatris.
1172 2272 1222 2342 69.
1236 2270 1396 2350 Magantia
1407 2289 1452 2330 aa·

329 2387 379 2428 crs
391 2377 422 2426 et
433 2366 506 2437 ludi,
522 2367 570 2444 (ut
582 2367 740 2448 Megalesia
758 2369 818 2428 ludi
837 2390 883 2448 ap.
904 2369 993 2430 Ouid
1013 2370 1092 2430 Fast
1107 2371 1161 2440 lV,
1175 2377 1242 2438 357.
1256 2370 1323 2429 Liv.
1338 2369 1452 2438 XXIX,

332 2479 378 2530 14.
393 2469 539 2540 XXXIV,
554 2478 602 2530 54.
615 2471 667 2551 sl.)
693 2492 758 2550 quae
778 2473 810 2531 in
828 2472 967 2532 honorem
981 2483 1011 2532 et
1023 2473 1193 2532 rnarnnriam
1212 2473 1332 2552 Magum
1352 2472 1453 2531 Matria

253 2644 256 2651 Ι
329 2569 438 2640 Deum,
454 2569 592 2649 (μεγάλης
604 2572 708 2651 μητρὸς)
724 2571 895 2631 Pessinunte
909 2571 1030 2631 Romm
1044 2572 1198 2643 translate,
1218 2571 1266 2631 vel
1285 2570 1363 2651 prid.
1378 2571 1452 2629 Non.

329 2671 404 2747 Apr.
419 2670 461 2747 (v.
475 2669 562 2729 Ovid.
577 2672 652 2729 Fast.
667 2669 720 2741 IV,
737 2677 795 2739 179
809 2690 870 2749 seq.
882 2682 913 2730 et
925 2671 1045 2729 Calend.
1059 2672 1158 2749 Rom.)
1173 2670 1220 2730 vel
1232 2670 1310 2749 prid.
1324 2670 1370 2731 Id.
1382 2671 1452 2749 Apr.

331 2774 372 2850 (v.
388 2772 452 2831 Liv.
467 2772 583 2843 XXIX,
600 2779 645 2831 14.
660 2774 712 2833 ubi
725 2773 763 2832 cf.
777 2773 891 2833 Duker.
904 2785 936 2834 et
948 2774 1057 2853 Draln)
1071 2777 1243 2853 agebantur.
1323 2774 1405 2854 laage
1415 2794 1453 2833 su

329 2871 445 2932 distant.
540 2870 646 2931 Plebeii
658 2892 697 2931 se
711 2872 774 2931 ludi
795 2873 878 2952 (quur
890 2872 995 2932 auctu
1013 2872 1125 2951 regibus
1140 2893 1195 2955 pro
1213 2873 1342 2933 titanae
1357 2872 1455 2951 plelir,

319 2984 379 3063 ‚aut
397 2996 453 3055 pra
473 2976 688 3037 reconciliatione
702 2975 794 3054 plebia
809 2984 873 3055 port
891 2958 1064 3037 matinen
1082 2978 1112 3035 iu
1126 2976 1292 3035 Auentinam
1311 2977 1457 3037 institutos

329 3074 419 3134 tradit
441 3074 547 3134 Aenon
568 3074 600 3133 in
622 3073 706 3133 Vcrr.
729 3074 786 3153 II.)
808 3076 847 3134 ab
868 3074 1021 3136 AEdilibua.
1034 3074 1113 3153 pleb.
1127 3075 1208 3134 XIII
1221 3075 1270 3134 vel
1283 3074 1377 3135 XVII
1397 3076 1458 3135 cu.

331 3171 407 3231 Nor.
422 3175 464 3252 (v.
479 3173 503 3231 F
504 3174 563 3234 arti·
573 3176 698 3252 veturs)
712 3172 843 3251 adeoque
856 3194 906 3233 aex
919 3174 981 3233 fere
993 3174 1115 3252 integris
1134 3175 1284 3234 mennbus
1299 3184 1370 3233 ante
1390 3174 1458 3233 Me·

331 3270 439 3347 galesia
450 3272 618 3333 edebantur.
659 3273 696 3330 In
710 3270 868 3349 longobar
879 3271 1033 3332 intervallo
1045 3272 1142 3333 nullos
1162 3273 1260 3333 Roma
1271 3272 1356 3331 ludos
1375 3271 1459 3331 uele-

331 3368 428 3429 brator
448 3390 510 3431 ease
530 3370 621 3449 vulgo
643 3381 758 3449 putant,
778 3381 808 3429 et
830 3369 900 3431 hine
917 3383 1033 3449 poetam
1052 3371 1132 3450 louge
1151 3390 1187 3429 ac
1204 3370 1294 3429 tristes
1306 3380 1458 3431 matronas

331 3464 446 3524 dixIsse.
487 3467 546 3526 Sed
558 3469 590 3527 In
602 3468 654 3528 illo
667 3468 820 3529 intervallo
833 3470 1004 3539 Saturnalia,
1026 3469 1211 3548 Conrpitalin,
1224 3470 1347 3529 Sacrum
1357 3468 1458 3528 Vene-

332 3562 372 3620 ris
400 3564 571 3637 GenetrIcis,
600 3567 645 3643 (in
667 3588 727 3646 quo
746 3567 811 3628 ludi
839 3567 960 3627 Palatini
986 3587 1041 3646 per
1060 3568 1193 3627 triduum
1219 3567 1458 3643 celebrabantur)

332 3665 533 3745 Quinquatrus
546 3668 660 3747 alisque
673 3670 755 3742 iesu,
769 3683 801 3731 et
811 3670 843 3727 in
856 3669 892 3729 iis
903 3668 967 3730 ludi
979 3671 1149 3748 agebantur.
1191 3668 1325 3729 Plebeiae
1337 3688 1457 3748 quoque

330 3764 416 3825 ludos
428 3784 488 3823 non
503 3767 583 3825 etatis
596 3766 709 3840 dicbus,
730 3767 782 3827 setl
795 3768 901 3845 saepius
914 3787 975 3827 uno
986 3767 1237 3846 eodemqueanno
1255 3768 1295 3826 ab
1309 3766 1460 3827 AEdilibua

330 3868 423 3929 editos
436 3886 507 3939 esre,
521 3888 558 3927 ex
571 3868 657 3928 Livio
671 3870 713 3946 (v.
728 3870 793 3948 ejus
806 3870 887 3948 ind.)
907 3870 1030 3948 aliisque
1050 3869 1240 3947 scriptoribus
1253 3869 1339 3929 Rom.
1350 3872 1459 3948 proba·

329 3968 389 4028 bile
401 3968 442 4028 fic
483 3969 503 4028 J
504 3966 656 4027 nvenalcm
669 3987 738 4027 vero
750 3987 770 4025 o
778 3967 893 4047 plebeiis
905 3987 944 4027 ae
953 3968 1060 4028 dianna
1073 3968 1153 4046 longe
1163 3966 1322 4047 Megalesia
1335 3968 1456 4036 dixisse

328 4072 409 4149 quod
422 4070 496 4130 illud
508 4070 611 4150 plebis,
626 4069 680 4129 boc
695 4069 882 4147 patriciorum
901 4069 991 4128 luerit
1008 4069 1126 4141 festum,
1147 4072 1270 4148 putabat
1289 4070 1399 4130 Heins-
1421 4070 1459 4128 ad

330 4173 420 4232 ovid.
433 4174 510 4233 Fusa
526 4172 581 4245 IV,
596 4179 664 4231 353.
678 4170 744 4231 coll.
757 4171 833 4231 Gell
849 4170 892 4243 ΙΙ,
906 4180 955 4231 24.
976 4183 1006 4231 et
1025 4170 1145 4244 XVIII,
1160 4180 1189 4232 2.
1210 4174 1288 4233 Nota
1301 4170 1383 4233 Aah.
1397 4182 1459 4231 est:

328 4290 382 4351 per
402 4274 475 4334 illud
496 4273 680 4335 intervallum
693 4274 767 4335 festa
790 4274 910 4353 quidem
929 4276 1100 4355 agebantur,
1125 4276 1177 4334 sed
1195 4274 1295 4334 nullus
1315 4275 1465 4336 edebatur

327 4371 418 4435 ludus
443 4378 535 4454 major
561 4376 810 4443 scenicus-70.
831 4377 991 4448 Personam,
1020 4390 1054 4437 ut
1082 4376 1141 4449 Ill,
1171 4386 1237 4444 175.
1263 4378 1316 4438 ubi
1346 4400 1377 4440 v.
1404 4390 1466 4438 not.

582 4478 598 4520 n
