3100 5250
193 552 199 562 „
303 476 369 537 aso
675 462 1070 533 commaneamus

302 644 342 704 ad
364 642 484 704 Antbol.
506 642 558 701 Gr.
579 644 645 701 Vol.
659 642 702 701 11.
717 642 748 699 P.
767 641 826 699 lll.
841 660 870 721 p.
886 648 954 701 242.
967 652 999 701 et
1011 640 1084 699 al.⁶⁷
1100 674 1140 687 -
1154 646 1229 699 250.
1253 659 1343 701 m
1362 643 1449 702 ntis.-

302 756 420 807 55551555
433 747 509 817 bibit,
524 756 569 807 tot
578 756 762 815 5551555555,
777 744 808 803 15.
817 764 842 803 5.
856 762 948 804 annos
959 744 1040 803 vixit.
1082 738 1443 823 251.'qaanruaqaemiur

303 844 463 925 delegitur
474 846 618 923 satarum,
639 844 748 921 quibus
768 854 830 901 tam
850 842 938 920 longa
952 842 1008 921 ipsi
1022 842 1082 901 vita
1096 840 1134 901 sit
1148 841 1316 901 comtituta.
1402 844 1440 901 de

302 949 385 1009 515515
394 948 511 1007 stamine
525 948 694 1015 Parcarum,
710 945 739 1003 h.
754 966 780 1003 e.
796 944 834 1003 de
849 944 908 1003 vita
924 945 1010 1005 nimis
1024 944 1175 1004 diuturna.
1212 944 1263 1001 ef.
1279 944 1314 1003 ad
1326 946 1439 1015 111,27.

302 1082 343 1097 -
355 1054 424 1106 252.
443 1066 527 1125 quum
547 1044 620 1103 sidet
639 1042 716 1102 acria
736 1042 876 1103 Antilochi
892 1044 1019 1113 barbam,
1040 1044 1072 1102 h.
1086 1063 1110 1102 e.
1126 1042 1332 1113 Antilochum,
1349 1044 1439 1101 filium

301 1166 388 1208 suum
409 1144 602 1203 fortissimum
621 1141 730 1222 etjam
750 1144 915 1211 barbatum,
943 1142 1024 1221 (quae
1043 1142 1212 1221 gravissimi
1233 1142 1337 1202 luctus
1355 1162 1439 1201 cause

302 1248 385 1322 tunt)
399 1242 542 1303 ardentem
556 1243 682 1319 inrogo,
696 1240 825 1301 occisum
840 1262 858 1299 5
873 1242 1040 1311 Memnone,
1056 1262 1150 1320 quum
1167 1252 1291 1320 patrem
1306 1242 1338 1299 in
1351 1262 1442 1320 pugna

302 1356 452 1407 servaaet.
493 1346 578 1405 Conf.
598 1344 694 1403 simul.
707 1344 762 1404 loc.
780 1346 865 1423 Prop.
884 1344 925 1415 ΙΙ,
946 1350 992 1417 13,
1007 1354 1047 1415 49
1059 1367 1119 1427 seq.
1142 1344 1254 1423 Dictys
1278 1344 1333 1414 1V,
1348 1342 1375 1403 6.
1389 1345 1451 1415 Qu·

303 1426 461 1521 55555·
470 1448 639 1509 saa-sss.
655 1448 740 1507 una.
757 1448 841 1527 eyn..
858 1448 912 1520 vi,
928 1457 966 1509 22
981 1470 1041 1528 req.
1058 1449 1182 1528 (quibus
1197 1447 1280 1518 loen,
1297 1458 1333 1507 ut
1344 1459 1442 1507 etue

304 1567 361 1623 tto,
375 1554 494 1633 egregie
507 1552 670 1612 declaratur
689 1552 782 1629 patris
796 1549 911 1629 luctus)
934 1552 1096 1611 Mitarherl.
1109 1553 1147 1611 ad
1161 1552 1269 1613 Horat.
1285 1550 1345 1611 Od.
1361 1551 1402 1623 11,
1415 1562 1441 1620 9,

307 1664 355 1717 11.
369 1656 472 1717 Η5155.
486 1656 525 1714 ad
539 1655 628 1713 Ovid.
647 1654 720 1713 Her.
735 1656 795 1733 Ep.
813 1654 838 1723 I,
857 1662 903 1715 15.
918 1655 1020 1715 Virtus
1034 1656 1185 1715 Antilochi
1199 1668 1267 1717 nota
1280 1676 1319 1715 ex
1334 1655 1442 1713 Home·

304 1780 347 1832 ro,
362 1760 415 1838 (11.
426 1769 461 1829 s,
479 1767 536 1825 177
551 1780 610 1837 seq.
626 1766 695 1825 ⁴⁵7·
711 1768 747 1827 5,
764 1756 833 1829 596.
849 1766 917 1817 545.
935 1766 1045 1829 5555.
1061 1757 1145 1837 555.)
1160 1770 1190 1831 a
1204 1772 1233 1819 et
1244 1758 1441 1837 minag-

303 1860 393 1921 uisin
406 1870 530 1938 patrem
554 1858 634 1918 unde
654 1860 809 1939 baterdrag
835 1858 931 1919 dietus
951 1870 1002 1919 est.
1025 1860 1068 1936 (v.
1091 1859 1216 1937 Xasupb.
1229 1858 1266 1917 de
1286 1869 1382 1917 venat
1401 1876 1434 1936 p·

305 1970 374 2033 974.
387 1961 436 2021 ed.
450 1962 540 2041 Prlt)
553 1996 596 2011 -
611 1968 682 2020 258.
703 1964 805 2041 quaerit
817 1960 854 2019 ab
868 1962 949 2033 omni,
971 1960 1097 2043 55155515
1117 1963 1188 2021 adest
1207 1958 1300 2033 555155,
1318 1982 1347 2021 5.
1360 1960 1434 2019 Var.

305 2065 388 2126 Lect
401 2066 440 2125 ad
452 2086 481 2124 5.
495 2072 565 2125 211.
577 2098 621 2111 ·-
632 2070 705 2123 254.
719 2084 773 2121 cur
788 2064 847 2123 1555
860 2064 890 2123 ia
902 2074 1036 2145 tempora,
1049 2066 1173 2136 tamdiu,
1187 2076 1221 2124 nt
1233 2064 1320 2124 1511555
1332 2064 1435 2123 imma·

268 2164 275 2187 ⁵
305 2177 372 2228 tura
384 2178 480 2225 morte
492 2164 667 2225 defunctum
687 2163 795 2233 rideat,
816 2164 907 2234 daret,
929 2164 1018 2225 51551.
1072 2170 1142 2224 255.
1156 2163 1271 2244 dignum
1288 2174 1343 2223 1555
1362 2163 1438 2241 largo

305 2290 372 2339 oeva,
392 2280 544 2349 tamquam
563 2288 678 2329 summa
697 2266 859 2327 calamitate
879 2286 1025 2346 poeneque
1045 2267 1231 2347 gravissima.
1272 2266 1387 2327 Servius
1405 2266 1439 2325 ul

306 2366 390 2445 virg.
406 2368 474 2427 AEn.
491 2368 547 2437 tx,
562 2374 633 2435 497.
647 2375 738 2436 notat,
753 2364 929 2425 1555551555
944 2386 980 2425 ex
992 2388 1028 2426 eo
1040 2366 1105 2427 loco
1118 2368 1246 2427 traxisse
1260 2368 1392 2427 colorem.

345 2463 416 2526 256.
432 2463 506 2523 Hac
518 2464 612 2523 eudon
627 2484 668 2523 se.
681 2464 814 2543 quen'tur
830 2467 872 2542 (5.
887 2467 970 2543 251.)
986 2464 1032 2523 vel
1053 2464 1159 2543 lugens
1177 2466 1292 2545 quaerir.
1307 2468 1347 2544 (5.
1360 2469 1438 2544 258.)
1522 2460 1523 2493 l

306 2560 408 2619 Peleus
427 2572 510 2638 pater
524 2560 658 2621 Achillis.
752 2572 864 2642 raptum
884 2576 978 2625 morte
997 2564 1154 2626 immatura
1175 2578 1207 2626 et
1228 2566 1439 2623 intefectum

307 2655 421 2715 Paride.
462 2659 531 2725 Quo
544 2659 648 2719 nuntio
662 2673 783 2741 accepto
799 2663 902 2722 Peleus
916 2683 1041 2723 moerore
1061 2665 1217 2724 conlectus
1239 2664 1320 2723 obiit.
1360 2663 1439 2725 Conl-

306 2760 391 2820 Pind.
407 2761 493 2840 Pyth.
509 2761 569 2832 Ill,
588 2771 643 2829 178
658 2785 716 2845 seq.
730 2765 831 2844 ibique
846 2766 976 2825 Schmid.
1018 2774 1086 2833 257.
1102 2767 1188 2836 aliur,
1202 2767 1332 2836 laertes,
1346 2766 1440 2843 misas

305 2874 350 2924 est
361 2863 457 2946 lugere
469 2865 608 2937 Ithacam,
624 2866 769 2925 Ithacium
787 2867 931 2946 Ulyssem,
948 2869 1036 2947 (mad
1048 2869 1134 2938 XIV,
1149 2873 1235 2948 287.)
1250 2870 1439 2935 1111555555,

304 2971 456 3035 nutantem,
469 2964 572 3024 decem
584 2985 676 3025 anttos
689 2987 743 3045 per
756 2969 847 3026 maria
863 2969 1006 3048 jactatum
1020 2979 1050 3028 et
1065 2967 1142 3027 tristi
1163 2988 1259 3028 errore
1277 2977 1436 3046 vagantem,

306 3068 353 3126 551
367 3088 444 3148 saepe
455 3070 640 3148 naufragum.
683 3071 730 3132 cf.
746 3071 833 3148 Prop.
850 3071 908 3142 lll,
928 3079 975 3142 12,
991 3080 1038 3132 32.

347 3176 407 3262 258
422 3190 483 3248 seq.
497 3169 582 3230 Felix
595 3170 698 3230 fuisset
712 3171 855 3243 Priamus,
878 3173 902 3231 si
915 3185 984 3232 ante
997 3173 1147 3234 excidium
1163 3173 1252 3252 ijae
1264 3172 1439 3249 5151555555

306 3285 426 3328 snorum
439 3269 586 3328 fortunam
599 3283 734 3329 mortuus
748 3281 836 3328 esset
880 3271 926 3332 cf.
941 3271 1001 3329 Cic.
1017 3271 1107 3330 Tusc.
1123 3271 1229 3345 Quart
1243 3272 1267 3339 l,
1281 3277 1328 3330 35.
1348 3289 1440 3346 quem

305 3368 404 3429 locum
417 3384 503 3449 poeta
516 3373 677 3433 imitatione
690 3373 843 3450 expressit.
880 3373 1017 3433 Tiberius
1030 3387 1132 3434 eontra
1148 3373 1316 3434 idemtidem
1326 3371 1444 3430 felicem
1519 3451 1520 3462 ἶ

307 3463 458 3524 Priamum
472 3471 602 3538 vocabat,
615 3469 695 3548 quod
709 3481 857 3546 superstes
871 3471 1003 3530 omnium
1014 3493 1135 3532 suorum
1149 3472 1316 3532 exstitisset.
1329 3491 1358 3528 5.
1370 3470 1445 3528 Suet.
1519 3468 1520 3487 ¹

307 3564 376 3624 Tib.
388 3565 437 3626 62.
528 3571 645 3630 uenisset
659 3573 698 3630 ud
712 3573 825 3632 arrrbras
839 3573 984 3644 Assaraci,
999 3574 1029 3632 h.
1044 3596 1072 3634 e.
1085 3575 1234 3654 majoram
1248 3591 1381 3643 suorum,
1399 3572 1447 3630 bo·

306 3684 379 3726 uum
398 3687 433 3728 aa
453 3668 569 3728 facilem
589 3673 708 3732 sortitus
721 3673 842 3733 exitum.
939 3675 1096 3734 Assaracus
1111 3675 1198 3733 Trois
1213 3673 1295 3734 lilius
1315 3687 1348 3734 et
1366 3675 1448 3732 trater
1518 3745 1519 3754 ἵ

307 3767 489 3846 Ganymedis
501 3782 590 3848 atque
605 3771 653 3840 lli,
669 3773 720 3850 qni
737 3774 800 3832 llus
817 3773 1045 3834 Laomedontem
1059 3773 1174 3852 genuit,
1194 3785 1316 3852 patrem
1339 3772 1448 3832 Priami·

306 3887 336 3925 5.
351 3869 458 3946 Heyne
471 3869 511 3928 ad
524 3869 608 3948 Virg.
623 3871 679 3932 Ge.
692 3873 751 3944 111,
766 3881 815 3932 35.
896 3875 1007 3954 anagnis
1019 3875 1187 3946 solennibus,
1201 3875 1365 3954 splendida
1373 3893 1449 3953 pam-

306 3989 355 4048 pit,
368 3973 525 4050 magnifico
538 3987 680 4053 apparatu
694 3977 822 4038 funebri.
905 3977 1012 4057 sanat,
1034 3999 1141 4059 corpus
1154 3979 1267 4040 mortui
1288 3979 1390 4060 patris
1411 3979 1449 4056 (r.

338 4174 389 4222 “n
405 4177 511 4244 Rbodig.
531 4179 642 4238 xxm,
661 4185 687 4229 11
708 4198 755 4245 seq.
775 4184 858 4231 Barth.
896 4185 934 4242 11,
946 4191 970 4242 2,
982 4191 1072 4250 ressa
1089 4187 1219 4236 Reimtrus
1234 4187 1267 4236 ad
1288 4189 1362 4236 Diua.
1381 4185 1447 4232 01⁵¹·

306 4237 338 4284 ad
352 4241 477 4289 claudian.
497 4245 522 4290 in
542 4245 624 4292 11555.
640 4245 663 4303 1.
683 4253 737 4296 116.
758 4250 859 4297 Antbol.
894 4267 917 4310 p.
934 4257 1003 4300 1195.
1017 4263 1041 4298 et
1054 4252 1121 4300 Beda
1133 4253 1163 4300 rle
1175 4263 1301 4315 computo,
1312 4253 1352 4316 qui
1362 4264 1448 4296 mm·-

308 4301 538 4375 Gr.11,9.(re.5.,
556 4311 758 4378 5555555...
777 4315 858 4375 555..
889 4331 929 4362 ro·
949 4317 1161 4375 1-1oorinam,
1184 4323 1331 4366 roo-moa
1348 4315 1440 4366 duan.
1516 4347 1517 4368 .

306 4367 403 4450 555...)
413 4375 464 4436 χιιι
475 4379 531 4434 sae
543 4378 610 4441 aa..
622 4377 859 4489 5555555555...
894 4387 1053 4458 roos-som
1064 4381 1149 4458 55555
1164 4383 1260 4432 antra
1276 4397 1348 4432 mnu
1361 4377 1444 4443 asag-

306 4433 436 4497 egkaprw)
456 4435 561 4486 Gronov.
578 4441 609 4488 td
649 4442 708 4490 15151.
725 4442 776 4490 mil.
795 4445 856 4507 glor.
891 4447 1042 4496 narosfursse
1052 4447 1118 4496 drett-
