3100 5250
872 1224 921 1276 IN

648 1488 1141 1585 SATIRAMV.

369 2155 420 2215 Vs
438 2161 523 2216 1-5.
546 2154 730 2214 Seuerum
745 2150 853 2210 horum
866 2149 1033 2218 verborum,
1054 2144 1162 2225 quibus
1173 2143 1281 2223 ipsum
1302 2145 1410 2207 San'rae.
1423 2166 1468 2204 ar·

328 2265 503 2332 gumentum
523 2252 718 2320 eontinentur,
738 2259 783 2309 est
803 2247 886 2308 hec:
908 2245 1028 2304 Parasiti
1052 2264 1070 2303 a
1093 2242 1234 2303 divitibus
1258 2253 1319 2300 tam
1344 2243 1467 2321 ignomi-

328 2356 409 2416 niose
421 2365 593 2424 tractantur,
609 2364 641 2414 ut
655 2353 717 2412 lieri
730 2371 790 2410 non
804 2349 905 2428 possit,
920 2347 992 2426 quin
1005 2347 1138 2406 homines
1150 2345 1295 2425 ingenuos
1309 2345 1468 2424 peresitioae

327 2459 438 2538 pudeat
451 2460 536 2520 vitae:
559 2470 673 2518 tantum
687 2458 779 2522 abest,
800 2466 834 2513 ut
855 2453 920 2532 quis
940 2449 1060 2535 injurias
1081 2448 1145 2507 illos
1162 2449 1309 2528 patienter
1323 2447 1409 2528 ferat,
1424 2447 1468 2506 vel

327 2558 401 2616 adeo
413 2558 490 2616 hane
503 2558 594 2616 vitum
606 2568 692 2636 putet
704 2575 837 2628 sumntum
852 2555 948 2613 bonum
961 2571 1031 2610 osse.
1074 2547 1175 2612 Nihilo
1188 2561 1286 2610 temen
1301 2549 1397 2608 secius
1410 2568 1470 2607 non

327 2659 448 2716 deerant
461 2669 532 2716 tuuc
545 2658 685 2736 temporis
698 2654 843 2735 ejusmodi
856 2654 997 2713 homines.
1040 2652 1120 2711 Hine
1143 2664 1230 2730 poeta
1253 2672 1368 2711 summa
1393 2653 1421 2711 vi
1441 2664 1470 2711 et

327 2758 528 2836 indignatione
546 2758 644 2838 ipsum
664 2756 825 2836 alloquitur
844 2756 1021 2835 parasitum:
1044 2755 1076 2815 Si
1095 2755 1224 2815 alienum
1244 2774 1351 2833 punem
1372 2775 1470 2815 eome-

328 2860 397 2920 dere
418 2872 464 2943 et
466 2860 649 2940 propositum
669 2860 699 2919 h.
713 2880 739 2919 e.
760 2860 829 2919 vitae
849 2870 908 2919 toae
928 2858 1070 2917 rationem
1091 2866 1121 2917 et
1141 2857 1305 2917 institutum
1317 2858 1471 2935 persequi,

327 2962 456 3033 nondum,
471 2983 563 3043 quom
574 2963 636 3041 jam
651 2960 701 3020 diu
716 2961 759 3021 ita
772 2960 889 3030 vixeris,
904 2968 931 3019 te
947 2960 1033 3041 pudet
1046 2980 1080 3019 so
1093 2959 1191 3029 toedet,
1207 2970 1236 3019 et
1248 2958 1271 3019 si
1283 2978 1367 3036 aequo
1380 2970 1473 3036 potes

326 3067 425 3126 auimo
437 3068 499 3145 poti
513 3066 634 3145 indigna
649 3064 708 3136 illa,
729 3083 797 3142 quse
810 3062 937 3143 parasito
949 3062 1069 3121 ferenda
1082 3073 1160 3133 sunt,
1182 3060 1230 3119 vel
1248 3058 1318 3119 adeo
1331 3059 1410 3119 hano
1423 3061 1473 3119 vi-

326 3176 388 3223 tam
407 3175 512 3242 putare
531 3166 664 3234 beatam
684 3171 801 3221 nouom
825 3162 922 3240 (prus.
942 3161 1035 3239 conj.)
1059 3159 1109 3219 tibi
1128 3160 1240 3218 credere
1264 3159 1324 3218 toti
1344 3160 1474 3238 quomo&

318 3267 431 3344 jurato,
444 3268 578 3345 quemvis
594 3268 697 3345 jures:
716 3286 785 3323 narn
800 3264 841 3323 ita
855 3264 1017 3323 verendum
1037 3273 1089 3333 est,
1110 3282 1148 3322 ne
1162 3264 1292 3343 perjuria
1305 3262 1353 3321 vel
1367 3260 1472 3341 ‹jusm-

327 3380 454 3439 cumque
474 3362 687 3421 inhonestatem
705 3360 781 3420 nulli
801 3359 909 3419 habeas
924 3359 1089 3439 religioni.¹
1142 3368 1170 3419 2.
1185 3359 1384 3419 uivereolieuo
1399 3380 1471 3439 quo-
1534 3369 1535 3382 ¹

327 3458 391 3526 dra,
411 3456 441 3514 lt.
455 3477 480 3515 e.
501 3478 601 3517 mensa
614 3457 731 3528 escaus,
753 3478 820 3535 quae
839 3456 924 3515 initio
943 3456 1085 3535 quadrata
1098 3468 1161 3516 erat
1175 3468 1205 3516 et
1217 3468 1320 3536 postea
1334 3454 1469 3524 rotunda,
1534 3462 1535 3473 ¹

329 3555 371 3631 (r.
391 3553 429 3613 ad
446 3554 471 3622 1,
487 3556 565 3631 137.)
579 3555 626 3614 vel
639 3554 741 3615 olienis
755 3554 904 3633 impensis,
925 3574 1025 3633 propr.
1040 3573 1125 3633 pane,
1147 3554 1199 3632 qui
1213 3553 1285 3615 olim
1299 3554 1331 3613 in
1345 3553 1470 3633 quadras

361 3755 525 3819 'Interprttes
534 3765 685 3805 tantumnon
692 3772 776 3805 omues
784 3772 880 3807 senatun
914 3756 1044 3805 Marklend
1060 3757 1092 3805 ed
1110 3756 1207 3819 Lysiam
1219 3774 1242 3819 p.
1256 3762 1313 3807 670.
1326 3756 1365 3805 ed.
1388 3756 1468 3833 Reisk.

328 3824 352 3870 Ιι.
366 3822 487 3870 lsilentio
503 3822 691 3883 praetenuittuot
709 3824 746 3871 vel
758 3837 808 3870 oon
818 3832 881 3872 recte
915 3822 962 3871 sod
971 3822 1075 3885 juratur
1086 3825 1150 3871 testis
1161 3822 1208 3870 dici
1220 3838 1269 3871 nou
1280 3832 1367 3884 potest,
1384 3838 1426 3885 qur
1441 3822 1470 3869 de

328 3887 417 3949 cepisse
428 3886 544 3935 ridentur.
581 3886 659 3949 Fuere
669 3887 712 3951 qui
728 3888 762 3936 its
778 3903 881 3949 erpone-
913 3903 939 3935 se
949 3886 1041 3951 aliquid
1056 3888 1112 3951 jure
1126 3886 1233 3951 jursndo
1250 3888 1393 3948 interposito
1409 3888 1471 3935 sffir-

327 3964 395 4001 rent:
424 3952 497 4008 Quod
513 3962 538 3998 te
553 3950 660 3999 nondum
675 3952 789 4014 propositi
805 3953 879 4013 pudet
910 3963 968 4001 met
1006 3952 1157 4001 l’restiterit:
1186 3956 1212 4002 ὁῖ
1226 3962 1249 4001 te
1265 3957 1376 4001 nondum
1390 3957 1469 4015 pudet,
1534 3974 1535 3981 ¹

327 4018 393 4066 -id
410 4028 514 4066 metum
530 4018 687 4075 intendere,
705 4018 729 4064 h.
743 4034 764 4065 e.
784 4016 879 4065 credere
910 4018 934 4064 lt.
948 4034 968 4065 e.
982 4018 1080 4075 udicis,
1091 4028 1115 4065 te
1126 4017 1233 4065 nondum
1245 4018 1338 4078 pudore
1355 4018 1467 4079 propositi

328 4097 376 4129 non
388 4098 490 4143 pomum,
499 4082 589 4144 jurato,
600 4081 656 4129 licet
662 4084 735 4145 jures.
767 4084 830 4131 Hoc
840 4098 878 4130 rs·
910 4091 966 4141 cetu
978 4081 1270 4145 memomtibiquidquam
1278 4086 1470 4145 crederepossu-
1534 4076 1535 4119 l

327 4145 362 4191 tio
378 4146 438 4193 mihi
453 4161 548 4211 quoque
558 4146 584 4193 in
593 4156 698 4194 mentem
716 4148 788 4205 venir,
806 4156 831 4193 et
847 4148 880 4195 its
911 4148 1040 4211 os'sjuroto,
1061 4146 1129 4195 rivel
1140 4162 1176 4203 ee,
1193 4162 1249 4210 quse
1265 4146 1333 4205 dicis,
1347 4148 1470 4209 juramen·

328 4213 348 4255 sl
358 4212 460 4257 occurrit
478 4228 516 4273 sp.
535 4210 589 4259 Lis.
606 4212 671 4270 Vll,
690 4216 728 4259 st.
750 4223 774 4261 et
793 4214 879 4272 possim
912 4222 937 4260 to
952 4212 1134 4261 confinusveris.
1172 4212 1281 4260 Affectus
1298 4212 1472 4276 indignationis

331 4273 374 4319 Gr.
393 4276 468 4335 rlpro
483 4277 525 4332 ln,
545 4277 578 4324 ita
595 4287 624 4324 ut
645 4291 693 4323 non
715 4275 821 4330 dubiam,
838 4276 879 4324 sed
912 4279 974 4327 hano
984 4278 1097 4327 orationis
1112 4276 1283 4341 negligentiam
1301 4277 1420 4338 peperisse
1437 4277 1472 4322 vi-

328 4346 415 4383 certam
436 4340 553 4401 significet
574 4356 632 4389 rem.
670 4340 741 4388 Cous.
763 4342 875 4402 Xenopb.
911 4344 968 4391 dore
979 4353 1062 4405 potest.
1091 4341 1137 4390 Sed
1149 4357 1255 4389 cursum
1267 4354 1345 4404 portes
1357 4342 1469 4391 obtrude-

330 4400 405 4446 lllem·
421 4402 483 4451 socr.
497 4405 519 4460 1,
534 4412 554 4461 1,
570 4412 606 4453 1³.
620 4417 643 4452 et
656 4412 691 4453 ts.
709 4412 733 4458 2,
747 4410 783 4451 15.
805 4406 879 4453 Hom.
912 4424 972 4464 mus,
985 4408 1026 4457 ubi
1037 4424 1098 4471 opus
1110 4420 1159 4454 non
1169 4408 1224 4455 est?

328 4464 358 4511 ll.
374 4476 397 4527 φ,
411 4470 465 4513 216.
481 4467 559 4517 Krebs
581 4470 650 4518 obss.
671 4470 735 4517 Flet.
756 4486 779 4531 p.
799 4478 836 4520 95.
856 4480 879 4517 et
