3100 5250
382 417 387 426 ’
434 470 487 541 1n
506 469 670 539 Juvuu.
695 468 795 539 san
819 470 901 541 xu.
1087 491 1089 503 >
1169 475 1232 537 soa

94 638 225 719 ndipen
238 640 367 709 irretitus
379 652 411 705 et
423 643 577 707 devinam
588 646 714 725 capitur,
727 645 810 707 velut
822 645 911 726 piscis
924 644 955 703 in
968 662 1062 705 nassa.
1155 642 1234 706 Naa-

92 732 782 827 sa.2um‚(0ppiaaanm.111,aesseau
806 750 880 828 eq.)
903 748 932 810 n
953 747 1057 827 «χιιι...
1076 744 1232 827 neopum,

96 845 238 926 (Theocr.
252 848 340 919 xxi,
356 852 417 929 11.)
433 852 564 913 calathus
578 852 723 914 vimineus
736 852 854 931 angusti
869 850 946 923 colli,
960 870 1022 931 quo
1035 870 1129 929 quum
1142 849 1233 914 intra·

92 940 133 1001 vit
142 942 246 1020 piscia,
260 945 339 1007 exire
352 964 413 1007 uon
425 958 531 1028 potest.
572 949 619 1009 Ea
630 950 763 1031 γραφνννὸς
784 948 957 1009 describitur
977 947 1010 1008 in
1029 947 1095 1009 loco
1119 947 1182 1008 sim.
1204 956 1234 1007 et

92 1044 170 1105 class.
184 1046 241 1107 sn.
257 1048 294 1119 V,
309 1056 348 1117 47
362 1070 422 1130 aeq.
436 1051 488 1110 ubi
502 1071 530 1109 v.
543 1062 605 1122 not
646 1052 732 1114 cont
747 1052 808 1115 cie.
822 1052 861 1111 ad
885 1054 949 1111 Att.
971 1050 1038 1121 XV,
1064 1058 1112 1111 20.
1138 1049 1232 1113 Plaut·

92 1142 154 1201 llil.
168 1143 213 1218 11,
230 1145 260 1219 6,
274 1154 322 1217 98.
336 1157 367 1207 et
378 1148 443 1209 loca
457 1150 643 1230 scriptorum,
657 1150 690 1209 in
704 1149 811 1229 quibua
826 1148 929 1210 similis
950 1159 996 1209 est
1015 1147 1195 1227 metaphora,
1217 1168 1235 1206 a

93 1256 216 1327 captura
229 1250 355 1329 piscium
368 1251 511 1325 desumta,
526 1252 620 1313 Plaut.
635 1252 725 1313 Truc.
741 1253 768 1324 I,
785 1260 812 1323 1,
827 1260 878 1313 21.
891 1260 939 1313 22.
953 1262 984 1312 et
1005 1254 1090 1313 Cure.
1107 1252 1167 1326 111,
1183 1251 1234 1316 61.

94 1346 223 1409 Martial.
237 1348 292 1420 Vl,
307 1348 356 1425 63,
371 1358 399 1410 5.
414 1350 442 1412 6.
456 1354 560 1413 Horat.
574 1353 634 1412 Set.
650 1352 692 1422 ll,
708 1358 737 1423 5,
752 1356 800 1410 44.
817 1351 910 1430 Epist.
926 1350 950 1421 l,
968 1358 996 1421 1,
1012 1359 1061 1421 79.
1075 1361 1113 1421 et,
1128 1350 1181 1429 qui
1196 1350 1234 1412 de

93 1442 193 1501 eadem
223 1464 255 1504 re
268 1446 339 1525 agit,
355 1446 477 1508 Lucian.
490 1449 522 1507 in
535 1449 612 1508 Tim.
628 1451 645 1527 6
661 1456 710 1509 22.
724 1446 771 1514 aiot
785 1448 876 1515 αὐτοὺς
897 1452 909 1505 i
928 1446 1012 1515 θύννος
1035 1450 1063 1507 ἐν
1082 1451 1170 1529 μυχοῦ
1189 1450 1236 1515 τῆς

94 1543 201 1623 σαγήνης
220 1544 340 1624 διέφυγεν,
353 1547 399 1605 νῦν
411 1550 497 1628 ὀλίγον
509 1552 538 1607 τὸ
551 1548 639 1629 ἅλως
652 1549 797 1619 καταπιὼν,
812 1549 843 1607 in
857 1548 925 1607 dial.
939 1558 1026 1609 mort.
1041 1548 1095 1619 VI,
1118 1556 1146 1607 4.
1167 1549 1179 1606 l
1200 1548 1234 1619 δὲ,

93 1648 199 1705 necitis
212 1668 256 1719 μιν
270 1648 360 1729 nerag
371 1652 513 1722 νιντιντιῶν,
525 1652 662 1730 ἐφειστήκει
680 1652 835 1729 ὃαπνμίνῳ
854 1652 935 1732 nguine
957 1650 1092 1731 ἐπιγελῶν,
1116 1650 1148 1710 in
1167 1648 1235 1709 dial.

93 1752 173 1802 mort.
188 1742 231 1803 X.
273 1746 324 1803 Νῦν
340 1748 481 1826 'Bentian
493 1746 549 1829 ἴχνι
561 1751 597 1808 τὰ
610 1751 672 1821 epe,
693 1748 774 1831 dmg
793 1770 831 1818 τις
851 1746 962 1829 λάβραξ
981 1751 1031 1807 nul
1053 1749 1081 1806 τ1
1104 1744 1237 1828 ἄγκιστρον

93 1854 127 1921 τῷ
138 1846 246 1906 auen
259 1851 493 1928 wynnrmdnac,
519 1852 553 1911 in
574 1851 760 1912 Hermotimo
783 1873 807 1911 c.
832 1858 880 1920 59.
920 1850 969 1916 Ὠς
993 1848 1123 1931 Magia
1147 1849 1173 1907 νῙ
1187 1853 1237 1909 nul

94 1948 273 2029 dadtdgaionnt
285 1932 315 2007 in
328 1951 375 2009 rin
387 1952 483 2033 xurgite,
497 1952 564 2011 ἀλλ’
578 1955 681 2023 οἰόμενος
694 1954 871 2045 iempsuyiruu
881 1954 908 2039 ia
928 1954 967 2011 ris
987 1954 1062 2013 αὐτὸν
1082 1952 1168 2033 κύρτον
1189 1954 1235 2026 ἒμ-

93 2046 242 2117 nunnus.
253 2084 294 2097 -
316 2056 383 2108 125.
398 2050 509 2108 Forsan
521 2068 582 2107 non
595 2049 657 2109 sine
671 2050 702 2107 vi
715 2049 846 2110 dictum:
867 2048 965 2109 innuit'
981 2052 1071 2123 enim,
1092 2052 1235 2111 incertam

92 2146 221 2207 hominis
235 2166 318 2225 spem
330 2166 402 2217 esse,
415 2147 547 2225 adeoque
559 2147 738 2226 improbiora
755 2148 822 2225 ejus
841 2157 919 2217 vota,
940 2147 1080 2207 sacrificia
1100 2159 1130 2208 et
1151 2150 1235 2228 cupi-

91 2244 226 2306 ditatem.
328 2245 463 2305 brwiter:
485 2265 554 2305 nam
567 2245 669 2324 paucis
683 2256 798 2306 tantum
819 2246 917 2305 verbis
937 2265 1011 2323 opus
1031 2258 1076 2307 est
1097 2247 1129 2305 in
1149 2258 1236 2307 testa·

93 2345 213 2414 mentis,
227 2344 335 2423 quibus
347 2344 470 2407 heredes
483 2366 520 2406 ex
533 2365 595 2405 asae
608 2346 787 2415 scribuntur,
801 2363 857 2403 nec
869 2343 955 2424 plura
966 2344 998 2403 in
1018 2344 1054 2405 iis
1075 2366 1236 2406 memoran-

95 2460 140 2508 tur
152 2449 302 2509 heredum
315 2450 435 2509 nomina
448 2449 495 2509 vel
515 2449 622 2529 legata.
661 2448 707 2507 ef.
728 2448 766 2507 sd
781 2447 806 2518 1,
821 2447 869 2509 68.
882 2482 924 2497 -
946 2446 1012 2508 126.
1035 2449 1179 2509 Praeclare
1199 2451 1237 2509 de

97 2546 181 2605 simili
194 2565 229 2604 re
243 2546 365 2605 Lucian.
378 2546 409 2605 in
424 2546 549 2607 Timone
562 2546 577 2621 §
591 2553 642 2604 22.
691 2544 800 2612 ’Reduc
812 2546 864 2617 plu,
880 2546 946 2611 ὅστις
965 2544 998 2603 ἂν
1018 2542 1039 2627 ᾖ
1057 2568 1128 2619 nm,
1150 2552 1236 2630 infun·

98 2652 198 2722 νάμννός
211 2671 245 2722 μν
260 2649 314 2725 (sc.
329 2650 460 2721 Plutum,
474 2650 504 2707 h.
518 2671 544 2710 e.
557 2648 688 2728 divitias)
702 2649 773 2729 αὐτῇ
786 2647 877 2726 ὄὶλτῳ,
891 2648 942 2707 tlte
956 2648 1030 2731 pigui
1042 2653 1100 2710 ἀντὶ
1112 2653 1156 2710 τοῦ
1175 2653 1238 2720 rinc

100 2755 212 2834 Πιξξόνι,
226 2751 242 2820 ἢ
257 2756 395 2835 Δρόμωνος,
408 2751 425 2820 ἢ
440 2751 536 2825 Τιβίινν,
551 2752 709 2831 Μνγαννλῆς,
723 2750 739 2819 ἢ
753 2749 922 2832 Μεγάβυζος,
943 2749 959 2818 ἢ
980 2753 1141 2834 Πρώταρχος
1161 2776 1237 2826 msa-

101 2854 242 2927 muse,
256 2857 313 2922 scic
325 2856 412 2927 μάτην
423 2858 565 2934 nemeina:
577 2854 678 2920 ἒκνίννυς
697 2855 732 2920 νι’ς
752 2855 887 2924 ἀλλήλους
908 2851 1105 2926 ἀτοβλίννννντας
1124 2865 1237 2930 καταλι-

100 2958 156 3027 nde,
169 2957 270 3027 ἀλνιθδς
284 2956 397 3038 ἄγοντας
410 2961 438 3016 τὸ
450 2956 538 3024 nisiae
551 2967 607 3016 cet.
620 2991 661 3008 -
673 2955 819 3028 ήνναὶἰόνιν,
832 2955 896 3016 aliis
910 2955 1097 3036 heredipetis,
1111 2959 1235 3018 eandem

101 3059 286 3121 hereditatem
301 3059 493 3139 captantibua
574 3059 709 3119 Incedere
721 3071 825 3138 aptum
838 3058 868 3117 lt.
888 3058 909 3118 l.
930 3060 1064 3130 verbum,
1086 3061 1166 3138 quod
1186 3082 1234 3122 su·

102 3159 206 3235 perbiae
219 3179 242 3218 a
255 3157 455 3219 ostentationis
467 3168 497 3217 et
509 3157 662 3236 gravitatis
674 3158 735 3216 vim
748 3157 856 3236 passim
870 3156 967 3217 habet.
980 3178 1007 3218 v.
1022 3158 1061 3217 ad
1072 3158 1141 3218 Tac.
1155 3163 1234 3220 Ann.

104 3260 151 3331 lv,
164 3269 218 3332 23,
233 3267 260 3321 5.
273 3262 312 3320 ad
326 3260 392 3320 Liv.
408 3260 433 3331 1,
447 3259 497 3330 26,
511 3268 540 3329 9.
562 3261 642 3322 Cort·
662 3260 701 3319 nd
721 3259 793 3319 Sall.
813 3260 886 3338 Jug.
907 3265 955 3318 31.
980 3270 1011 3319 et
1035 3258 1129 3341 intpp.
1151 3263 1233 3342 Virg.

104 3359 163 3422 din.
176 3363 205 3433 1,
221 3361 269 3424 46.
281 3395 323 3410 -
345 3369 411 3428 127.
424 3359 561 3440 jugulata
576 3360 716 3438 Mycenis,
731 3359 897 3440 Iphigenia,
919 3362 952 3436 (a
970 3361 1065 3438 patria
1075 3363 1126 3422 ¹sic
1146 3363 1233 3434 dicta,

105 3473 187 3544 nep
205 3449 293 3525 otia
307 3463 380 3523 uec
394 3461 468 3532 xu,
483 3464 547 3541 sa.)
561 3461 591 3521 h·
611 3481 636 3520 ι.
658 3459 817 3520 immoratio
837 3460 912 3520 ενι...
957 3461 1033 3521 Nam
1053 3463 1183 3544 unone
1202 3466 1233 3526 n.

104 3560 188 3623 liilin
207 3562 336 3631 Pacuvii,
351 3560 458 3639 (altere¹
469 3561 552 3639 quasi
566 3559 722 3638 Iphigenia
735 3557 784 3618 vel
797 3557 824 3618 ei
838 3558 954 3639 similis)
975 3571 1009 3620 ut
1029 3583 1092 3642 sup.
1113 3585 1141 3625 ν.
1165 3575 1232 3636 119.

107 3660 258 3741 iphigenia,
273 3661 412 3741 quoniam
424 3657 480 3738 p'ro
493 3659 586 3719 salute
599 3659 671 3737 aegri
684 3657 842 3738 divitisque
854 3658 990 3732 hominis,
1010 3672 1045 3722 ut
1060 3683 1129 3723 vere
1150 3665 1232 3743 lphi-

109 3762 185 3837 genia
198 3781 255 3841 pro
267 3760 360 3821 salute
374 3759 553 3828 Graecorum,
567 3758 741 3817 immolatur.
982 3833 987 3844 .
1236 3815 1241 3824 ,
1273 3759 1275 3762 ’

141 3867 304 3920 les-130.
326 3858 425 3928 Poeta,
447 3857 499 3936 qui
522 3856 646 3916 ridendo
668 3856 783 3917 dixerat
802 3877 914 3930 verum,
936 3879 1016 3920 nunc
1036 3880 1104 3919 cum
1118 3879 1232 3920 summa

107 3956 297 4038 indignatione
322 3957 451 4018 Pacuvio
474 3958 560 4035 eique
584 3955 726 4016 similibus
752 3955 930 4035 heredipetis
956 3958 1021 4017 dira
1044 3959 1230 4036 imprecetur,

108 4059 186 4121 vitam
199 4060 409 4139 longissimam,
423 4068 462 4130 et,
477 4045 570 4139 qualia
583 4078 737 4119 avarorum
751 4079 814 4118 esse
827 4058 908 4128 solet,
928 4060 1136 4120 miserrimam:
1158 4063 1231 4141 quid

108 4164 177 4224 enim
200 4165 312 4226 tristim
334 4183 397 4224 esse
419 4172 525 4241 potest,
549 4181 638 4239 quam
657 4181 694 4220 ex
714 4147 833 4232 divitiis,
854 4161 947 4239 iisque
967 4160 1119 4223 inhoneste
1128 4166 1228 4242 partie,

110 4262 210 4323 nullam
222 4263 373 4343 percipere
386 4260 567 4342 voluptatem
580 4267 610 4319 et
622 4277 676 4337 per
695 4258 814 4340 longam
828 4259 918 4318 vitam
939 4259 1074 4320 omnibus
1093 4282 1177 4342 aeque
1195 4286 1230 4327 ac

110 4359 157 4419 sibi
176 4362 234 4442 ipsi
257 4381 378 4441 gravem
399 4379 461 4421 ease
483 4367 573 4437 atque
592 4356 749 4418 odiosum?
790 4351 965 4436 imprecatio
983 4368 1080 4418 tamen
1093 4360 1156 4423 haeo
1169 4383 1229 4424 non

111 4471 162 4522 tun
173 4465 211 4526 eb
224 4464 435 4546 indignatione,
450 4479 538 4542 quam
551 4462 589 4522 sb
602 4460 694 4522 ironia
706 4472 737 4524 et
750 4481 893 4524 aucaemo
905 4460 995 4542 petita
1016 4462 1132 4524 videtur
1152 4467 1228 4528 Ach.
