<?xml version="1.0" encoding="UTF-8"?>
<!DOCTYPE html PUBLIC "-//W3C//DTD XHTML 1.0 Transitional//EN"
    "http://www.w3.org/TR/xhtml1/DTD/xhtml1-transitional.dtd">
<html xmlns="http://www.w3.org/1999/xhtml" xml:lang="en" lang="en">
 <head>
  <title>
</title>
<meta http-equiv="Content-Type" content="text/html;charset=utf-8" />
  <meta name='ocr-system' content='tesseract 3.04.00' />
  <meta name='ocr-capabilities' content='ocr_page ocr_carea ocr_par ocr_line ocrx_word'/>
</head>
<body>
  <div class='ocr_page' id='page_1' title='image "./djuniijuvenalis02persgoog_0054.png"; bbox 0 0 3100 5250; ppageno 0'>
   <div class='ocr_carea' id='block_1_1' title="bbox 674 1186 715 1234">
    <p class='ocr_par' dir='ltr' id='par_1_1' title="bbox 674 1186 715 1234">
     <span class='ocr_line' id='line_1_1' title="bbox 674 1186 715 1234; baseline -0.024 0"><span class='ocrx_word' id='word_1_1' title='bbox 674 1186 715 1234; x_wconf 88' lang='lat' dir='ltr'><strong>IN</strong></span> 
     </span>
    </p>
   </div>
   <div class='ocr_carea' id='block_1_2' title="bbox 444 1424 942 1500">
    <p class='ocr_par' dir='ltr' id='par_1_2' title="bbox 444 1424 942 1500">
     <span class='ocr_line' id='line_1_2' title="bbox 444 1424 942 1500; baseline 0.004 -3"><span class='ocrx_word' id='word_1_2' title='bbox 444 1424 836 1499; x_wconf 86' lang='lat' dir='ltr'><strong>SATIRAM</strong></span> <span class='ocrx_word' id='word_1_3' title='bbox 890 1426 942 1500; x_wconf 90' lang='grc' dir='ltr'><strong>ΙΙ.</strong></span> 
     </span>
    </p>
   </div>
   <div class='ocr_carea' id='block_1_3' title="bbox 112 2124 1300 3222">
    <p class='ocr_par' dir='ltr' id='par_1_3' title="bbox 112 2124 1300 3222">
     <span class='ocr_line' id='line_1_3' title="bbox 137 2124 1258 2201; baseline 0.009 -20"><span class='ocrx_word' id='word_1_4' title='bbox 137 2131 183 2181; x_wconf 69' lang='grc'><strong>“·1.</strong></span> <span class='ocrx_word' id='word_1_5' title='bbox 202 2124 315 2183; x_wconf 77' lang='lat' dir='ltr'><strong>Uurnn</strong></span> <span class='ocrx_word' id='word_1_6' title='bbox 330 2126 525 2201; x_wconf 72' lang='lat' dir='ltr'><em>Sauromatas,</em></span> <span class='ocrx_word' id='word_1_7' title='bbox 544 2129 583 2187; x_wconf 81' lang='lat' dir='ltr'><strong>sd</strong></span> <span class='ocrx_word' id='word_1_8' title='bbox 603 2140 766 2189; x_wconf 82' lang='lat' dir='ltr'><strong>extremum</strong></span> <span class='ocrx_word' id='word_1_9' title='bbox 785 2143 871 2191; x_wconf 78' lang='lat' dir='ltr'><strong>terrm</strong></span> <span class='ocrx_word' id='word_1_10' title='bbox 885 2130 1055 2200; x_wconf 86' lang='lat' dir='ltr'><strong>terminum,</strong></span> <span class='ocrx_word' id='word_1_11' title='bbox 1069 2130 1108 2188; x_wconf 87' lang='lat' dir='ltr'><strong>nd</strong></span> <span class='ocrx_word' id='word_1_12' title='bbox 1120 2132 1258 2191; x_wconf 73' lang='lat' dir='ltr'><em>barbaras</em></span> 
     </span>
     <span class='ocr_line' id='line_1_4' title="bbox 115 2228 1300 2309; baseline 0.006 -25"><span class='ocrx_word' id='word_1_13' title='bbox 115 2234 150 2281; x_wconf 77' lang='lat' dir='ltr'><strong>et</strong></span> <span class='ocrx_word' id='word_1_14' title='bbox 175 2228 381 2287; x_wconf 75' lang='lat' dir='ltr'><strong>mantissimas</strong></span> <span class='ocrx_word' id='word_1_15' title='bbox 406 2230 486 2289; x_wconf 90' lang='lat' dir='ltr'><strong>orbis</strong></span> <span class='ocrx_word' id='word_1_16' title='bbox 512 2242 656 2290; x_wconf 73' lang='lat' dir='ltr'><em>tamarum</em></span> <span class='ocrx_word' id='word_1_17' title='bbox 683 2242 797 2309; x_wconf 81' lang='lat' dir='ltr'><strong>gentes,</strong></span> <span class='ocrx_word' id='word_1_18' title='bbox 815 2231 953 2309; x_wconf 80' lang='lat' dir='ltr'><strong>sugcrc.¹</strong></span> <span class='ocrx_word' id='word_1_19' title='bbox 1036 2230 1212 2289; x_wconf 77' lang='lat' dir='ltr'><em>Sauromata</em></span> <span class='ocrx_word' id='word_1_20' title='bbox 1234 2253 1257 2291; x_wconf 82' lang='lat' dir='ltr'><strong>s.</strong></span> <span class='ocrx_word' id='word_1_21' title='bbox 1289 2252 1300 2283; x_wconf 62' lang='grc' dir='ltr'><strong>ι</strong></span> 
     </span>
     <span class='ocr_line' id='line_1_5' title="bbox 117 2324 1260 2407; baseline 0.004 -23"><span class='ocrx_word' id='word_1_22' title='bbox 117 2324 277 2397; x_wconf 64' lang='grc' dir='ltr'><strong>ὃπωιίε,</strong></span> <span class='ocrx_word' id='word_1_23' title='bbox 289 2328 410 2405; x_wconf 73' lang='lat' dir='ltr'><strong>papirius</strong></span> <span class='ocrx_word' id='word_1_24' title='bbox 423 2340 572 2407; x_wconf 83' lang='lat' dir='ltr'><strong>septemtr.</strong></span> <span class='ocrx_word' id='word_1_25' title='bbox 587 2330 618 2388; x_wconf 94' lang='lat' dir='ltr'><strong>in</strong></span> <span class='ocrx_word' id='word_1_26' title='bbox 633 2330 786 2400; x_wconf 77' lang='lat' dir='ltr'><em>Sarmatia,</em></span> <span class='ocrx_word' id='word_1_27' title='bbox 802 2349 869 2407; x_wconf 75' lang='lat' dir='ltr'><strong>qum</strong></span> <span class='ocrx_word' id='word_1_28' title='bbox 882 2341 913 2387; x_wconf 89' lang='lat' dir='ltr'><strong>et</strong></span> <span class='ocrx_word' id='word_1_29' title='bbox 927 2329 1073 2405; x_wconf 78' lang='lat' dir='ltr'><strong>Europam</strong></span> <span class='ocrx_word' id='word_1_30' title='bbox 1085 2340 1116 2387; x_wconf 90' lang='lat' dir='ltr'><strong>et</strong></span> <span class='ocrx_word' id='word_1_31' title='bbox 1130 2330 1260 2389; x_wconf 75' lang='lat' dir='ltr'><strong>Asiatica</strong></span> 
     </span>
     <span class='ocr_line' id='line_1_6' title="bbox 116 2428 1259 2512; baseline 0.005 -27"><span class='ocrx_word' id='word_1_32' title='bbox 116 2437 176 2495; x_wconf 77' lang='lat' dir='ltr'><strong>est,</strong></span> <span class='ocrx_word' id='word_1_33' title='bbox 191 2448 228 2486; x_wconf 78' lang='lat' dir='ltr'><strong>sc</strong></span> <span class='ocrx_word' id='word_1_34' title='bbox 242 2428 386 2489; x_wconf 87' lang='lat' dir='ltr'><strong>dirimitur</strong></span> <span class='ocrx_word' id='word_1_35' title='bbox 398 2431 486 2489; x_wconf 81' lang='lat' dir='ltr'><em>Tanai</em></span> <span class='ocrx_word' id='word_1_36' title='bbox 501 2432 600 2502; x_wconf 89' lang='lat' dir='ltr'><strong>fluvio,</strong></span> <span class='ocrx_word' id='word_1_37' title='bbox 618 2434 671 2512; x_wconf 90' lang='lat' dir='ltr'><strong>qui</strong></span> <span class='ocrx_word' id='word_1_38' title='bbox 684 2432 827 2491; x_wconf 87' lang='lat' dir='ltr'><strong>terminus</strong></span> <span class='ocrx_word' id='word_1_39' title='bbox 842 2432 970 2509; x_wconf 82' lang='lat' dir='ltr'><strong>Europae</strong></span> <span class='ocrx_word' id='word_1_40' title='bbox 982 2442 1072 2509; x_wconf 84' lang='lat' dir='ltr'><strong>atque</strong></span> <span class='ocrx_word' id='word_1_41' title='bbox 1084 2430 1165 2489; x_wconf 73' lang='lat' dir='ltr'><strong>Asine</strong></span> <span class='ocrx_word' id='word_1_42' title='bbox 1177 2452 1196 2489; x_wconf 81' lang='lat' dir='ltr'><strong>a</strong></span> <span class='ocrx_word' id='word_1_43' title='bbox 1209 2452 1259 2491; x_wconf 86' lang='lat' dir='ltr'><strong>ve·</strong></span> 
     </span>
     <span class='ocr_line' id='line_1_7' title="bbox 116 2531 1257 2613; baseline 0.004 -25"><span class='ocrx_word' id='word_1_44' title='bbox 116 2531 236 2589; x_wconf 82' lang='lat' dir='ltr'><strong>teribus</strong></span> <span class='ocrx_word' id='word_1_45' title='bbox 250 2531 412 2592; x_wconf 78' lang='lat' dir='ltr'><strong>habebatur.</strong></span> <span class='ocrx_word' id='word_1_46' title='bbox 437 2566 439 2571; x_wconf 68' lang='lat'><strong>,</strong></span> <span class='ocrx_word' id='word_1_47' title='bbox 494 2534 633 2594; x_wconf 82' lang='lat' dir='ltr'><em>Oceanum</em></span> <span class='ocrx_word' id='word_1_48' title='bbox 645 2534 804 2613; x_wconf 77' lang='lat' dir='ltr'><em>glrcialcm,</em></span> <span class='ocrx_word' id='word_1_49' title='bbox 816 2532 1090 2611; x_wconf 63' lang='lat' dir='ltr'><strong>septemtrionalem,</strong></span> <span class='ocrx_word' id='word_1_50' title='bbox 1104 2534 1257 2593; x_wconf 74' lang='lat' dir='ltr'><strong>borealem.</strong></span> 
     </span>
     <span class='ocr_line' id='line_1_8' title="bbox 118 2631 1256 2717; baseline 0.005 -27"><span class='ocrx_word' id='word_1_51' title='bbox 118 2633 228 2691; x_wconf 80' lang='lat' dir='ltr'><strong>audent</strong></span> <span class='ocrx_word' id='word_1_52' title='bbox 242 2655 282 2694; x_wconf 84' lang='lat' dir='ltr'><strong>sc.</strong></span> <span class='ocrx_word' id='word_1_53' title='bbox 295 2635 437 2714; x_wconf 79' lang='lat' dir='ltr'><strong>disputare</strong></span> <span class='ocrx_word' id='word_1_54' title='bbox 451 2659 474 2697; x_wconf 84' lang='lat' dir='ltr'><strong>s.</strong></span> <span class='ocrx_word' id='word_1_55' title='bbox 489 2631 681 2717; x_wconf 64' lang='lat' dir='ltr'><strong>praecipere.⁵¹</strong></span> <span class='ocrx_word' id='word_1_56' title='bbox 691 2673 732 2686; x_wconf 88' lang='lat'>-</span> <span class='ocrx_word' id='word_1_57' title='bbox 747 2645 774 2696; x_wconf 82' lang='lat'><strong>3.</strong></span> <span class='ocrx_word' id='word_1_58' title='bbox 790 2636 929 2695; x_wconf 82' lang='lat' dir='ltr'><em>Simulanl</em></span> <span class='ocrx_word' id='word_1_59' title='bbox 946 2635 1047 2696; x_wconf 69' lang='lat' dir='ltr'><em>Caria</em></span> <span class='ocrx_word' id='word_1_60' title='bbox 1066 2657 1096 2695; x_wconf 85' lang='lat' dir='ltr'><strong>se</strong></span> <span class='ocrx_word' id='word_1_61' title='bbox 1115 2657 1187 2709; x_wconf 86' lang='lat' dir='ltr'><strong>esse,</strong></span> <span class='ocrx_word' id='word_1_62' title='bbox 1209 2637 1256 2697; x_wconf 86' lang='lat' dir='ltr'><strong>vel</strong></span> 
     </span>
     <span class='ocr_line' id='line_1_9' title="bbox 117 2735 1254 2820; baseline 0.008 -29"><span class='ocrx_word' id='word_1_63' title='bbox 117 2735 278 2808; x_wconf 72' lang='lat' dir='ltr'><strong>imitantur,</strong></span> <span class='ocrx_word' id='word_1_64' title='bbox 299 2739 359 2798; x_wconf 84' lang='lat' dir='ltr'><strong>scil.</strong></span> <span class='ocrx_word' id='word_1_65' title='bbox 373 2752 494 2800; x_wconf 76' lang='lat' dir='ltr'><strong>externo</strong></span> <span class='ocrx_word' id='word_1_66' title='bbox 506 2739 620 2810; x_wconf 78' lang='lat' dir='ltr'><strong>babitu,</strong></span> <span class='ocrx_word' id='word_1_67' title='bbox 634 2741 730 2820; x_wconf 85' lang='lat' dir='ltr'><strong>specie</strong></span> <span class='ocrx_word' id='word_1_68' title='bbox 744 2751 774 2801; x_wconf 89' lang='lat' dir='ltr'><strong>et</strong></span> <span class='ocrx_word' id='word_1_69' title='bbox 788 2740 855 2802; x_wconf 74' lang='lat' dir='ltr'><strong>vitm</strong></span> <span class='ocrx_word' id='word_1_70' title='bbox 868 2741 987 2800; x_wconf 77' lang='lat' dir='ltr'><strong>ratione.</strong></span> <span class='ocrx_word' id='word_1_71' title='bbox 1028 2741 1072 2799; x_wconf 83' lang='lat' dir='ltr'><strong>ef.</strong></span> <span class='ocrx_word' id='word_1_72' title='bbox 1086 2739 1214 2802; x_wconf 82' lang='lat' dir='ltr'><strong>Martini.</strong></span> <span class='ocrx_word' id='word_1_73' title='bbox 1230 2743 1254 2813; x_wconf 86' lang='grc' dir='ltr'><strong>Ι,</strong></span> 
     </span>
     <span class='ocr_line' id='line_1_10' title="bbox 116 2837 1255 2920; baseline 0.006 -25"><span class='ocrx_word' id='word_1_74' title='bbox 116 2844 164 2906; x_wconf 79' lang='grc'><strong>25,</strong></span> <span class='ocrx_word' id='word_1_75' title='bbox 179 2845 207 2895; x_wconf 83' lang='grc'><strong>3.</strong></span> <span class='ocrx_word' id='word_1_76' title='bbox 229 2837 303 2909; x_wconf 87' lang='lat' dir='ltr'><strong>VH,</strong></span> <span class='ocrx_word' id='word_1_77' title='bbox 318 2847 368 2912; x_wconf 82' lang='grc'><strong>57,</strong></span> <span class='ocrx_word' id='word_1_78' title='bbox 384 2848 412 2908; x_wconf 86' lang='grc'><strong>7.</strong></span> <span class='ocrx_word' id='word_1_79' title='bbox 432 2852 463 2900; x_wconf 81' lang='lat' dir='ltr'><strong>et</strong></span> <span class='ocrx_word' id='word_1_80' title='bbox 477 2841 532 2910; x_wconf 90' lang='lat' dir='ltr'><strong>IX,</strong></span> <span class='ocrx_word' id='word_1_81' title='bbox 547 2849 596 2910; x_wconf 71' lang='lat'><strong>28,</strong></span> <span class='ocrx_word' id='word_1_82' title='bbox 612 2840 632 2900; x_wconf 90' lang='lat'>6</span> <span class='ocrx_word' id='word_1_83' title='bbox 645 2862 704 2920; x_wconf 89' lang='lat' dir='ltr'><strong>seq.</strong></span> <span class='ocrx_word' id='word_1_84' title='bbox 747 2841 796 2900; x_wconf 81' lang='lat' dir='ltr'><strong>sic</strong></span> <span class='ocrx_word' id='word_1_85' title='bbox 809 2841 940 2900; x_wconf 82' lang='lat' dir='ltr'><strong>simulare</strong></span> <span class='ocrx_word' id='word_1_86' title='bbox 955 2840 1085 2900; x_wconf 82' lang='lat' dir='ltr'><strong>Catonem</strong></span> <span class='ocrx_word' id='word_1_87' title='bbox 1100 2842 1176 2902; x_wconf 85' lang='lat' dir='ltr'><strong>dixit</strong></span> <span class='ocrx_word' id='word_1_88' title='bbox 1191 2843 1255 2902; x_wconf 87' lang='lat' dir='ltr'><strong>Ho-</strong></span> 
     </span>
     <span class='ocr_line' id='line_1_11' title="bbox 113 2934 1256 3017; baseline 0.006 -26"><span class='ocrx_word' id='word_1_89' title='bbox 113 2945 164 2993; x_wconf 75' lang='lat' dir='ltr'><strong>mi.</strong></span> <span class='ocrx_word' id='word_1_90' title='bbox 178 2934 276 3012; x_wconf 78' lang='lat' dir='ltr'><strong>Epist</strong></span> <span class='ocrx_word' id='word_1_91' title='bbox 292 2937 317 3004; x_wconf 91' lang='lat' dir='ltr'><strong>l,</strong></span> <span class='ocrx_word' id='word_1_92' title='bbox 334 2945 383 3006; x_wconf 89' lang='lat'><strong>19,</strong></span> <span class='ocrx_word' id='word_1_93' title='bbox 400 2946 445 2997; x_wconf 81' lang='lat'><strong>13.</strong></span> <span class='ocrx_word' id='word_1_94' title='bbox 460 2961 480 2998; x_wconf 84' lang='lat' dir='ltr'><strong>s.</strong></span> <span class='ocrx_word' id='word_1_95' title='bbox 497 2938 600 2998; x_wconf 73' lang='lat' dir='ltr'><strong>micalus</strong></span> <span class='ocrx_word' id='word_1_96' title='bbox 615 2939 696 3017; x_wconf 87' lang='lat' dir='ltr'><strong>Virg.</strong></span> <span class='ocrx_word' id='word_1_97' title='bbox 715 2938 781 2997; x_wconf 85' lang='lat' dir='ltr'><strong>AEn.</strong></span> <span class='ocrx_word' id='word_1_98' title='bbox 802 2938 857 3009; x_wconf 88' lang='lat' dir='ltr'><strong>Vl,</strong></span> <span class='ocrx_word' id='word_1_99' title='bbox 879 2946 947 3008; x_wconf 84' lang='lat'><strong>591.</strong></span> <span class='ocrx_word' id='word_1_100' title='bbox 968 2949 999 2998; x_wconf 83' lang='lat' dir='ltr'><strong>et</strong></span> <span class='ocrx_word' id='word_1_101' title='bbox 1018 2937 1056 2997; x_wconf 77' lang='lat' dir='ltr'><strong>ol.</strong></span> <span class='ocrx_word' id='word_1_102' title='bbox 1078 2940 1128 2996; x_wconf 90' lang='lat' dir='ltr'><strong>M’.</strong></span> <span class='ocrx_word' id='word_1_103' title='bbox 1152 2939 1256 2998; x_wconf 78' lang='lat' dir='ltr'><strong>Curias</strong></span> 
     </span>
     <span class='ocr_line' id='line_1_12' title="bbox 113 3037 1257 3119; baseline 0.004 -25"><span class='ocrx_word' id='word_1_104' title='bbox 113 3037 269 3112; x_wconf 77' lang='lat' dir='ltr'><strong>Dentatus,</strong></span> <span class='ocrx_word' id='word_1_105' title='bbox 283 3039 533 3118; x_wconf 82' lang='lat' dir='ltr'><strong>perfectissimum</strong></span> <span class='ocrx_word' id='word_1_106' title='bbox 544 3041 662 3101; x_wconf 84' lang='lat' dir='ltr'><strong>virtutis</strong></span> <span class='ocrx_word' id='word_1_107' title='bbox 681 3061 716 3100; x_wconf 85' lang='lat' dir='ltr'><strong>ac</strong></span> <span class='ocrx_word' id='word_1_108' title='bbox 736 3040 912 3119; x_wconf 81' lang='lat' dir='ltr'><strong>frugalitatis</strong></span> <span class='ocrx_word' id='word_1_109' title='bbox 931 3039 979 3099; x_wconf 87' lang='lat' dir='ltr'><strong>vel</strong></span> <span class='ocrx_word' id='word_1_110' title='bbox 1000 3039 1186 3099; x_wconf 75' lang='lat' dir='ltr'><strong>continentiae</strong></span> <span class='ocrx_word' id='word_1_111' title='bbox 1206 3059 1257 3099; x_wconf 85' lang='lat' dir='ltr'><strong>ex·</strong></span> 
     </span>
     <span class='ocr_line' id='line_1_13' title="bbox 112 3140 1257 3222; baseline 0.004 -25"><span class='ocrx_word' id='word_1_112' title='bbox 112 3140 254 3218; x_wconf 71' lang='lat' dir='ltr'><strong>nplum.</strong></span> <span class='ocrx_word' id='word_1_113' title='bbox 268 3163 296 3198; x_wconf 88' lang='lat' dir='ltr'><strong>v.</strong></span> <span class='ocrx_word' id='word_1_114' title='bbox 311 3141 366 3200; x_wconf 80' lang='lat' dir='ltr'><strong>inf.</strong></span> <span class='ocrx_word' id='word_1_115' title='bbox 380 3143 420 3201; x_wconf 85' lang='lat' dir='ltr'><em>ad</em></span> <span class='ocrx_word' id='word_1_116' title='bbox 430 3143 487 3212; x_wconf 87' lang='lat' dir='ltr'><strong>XI,</strong></span> <span class='ocrx_word' id='word_1_117' title='bbox 497 3150 534 3210; x_wconf 84' lang='lat'><strong>78</strong></span> <span class='ocrx_word' id='word_1_118' title='bbox 550 3163 610 3222; x_wconf 84' lang='lat' dir='ltr'><strong>seq.</strong></span> <span class='ocrx_word' id='word_1_119' title='bbox 671 3142 866 3222; x_wconf 72' lang='lat' dir='ltr'><strong>Bacchanalia</strong></span> <span class='ocrx_word' id='word_1_120' title='bbox 874 3161 913 3202; x_wconf 86' lang='lat' dir='ltr'><strong>sc.</strong></span> <span class='ocrx_word' id='word_1_121' title='bbox 925 3161 1015 3208; x_wconf 77' lang='lat' dir='ltr'><strong>mern,</strong></span> <span class='ocrx_word' id='word_1_122' title='bbox 1029 3142 1061 3198; x_wconf 92' lang='lat' dir='ltr'><strong>in</strong></span> <span class='ocrx_word' id='word_1_123' title='bbox 1079 3140 1187 3220; x_wconf 86' lang='lat' dir='ltr'><strong>quibus</strong></span> <span class='ocrx_word' id='word_1_124' title='bbox 1201 3144 1257 3202; x_wconf 86' lang='lat' dir='ltr'><strong>sub</strong></span> 
     </span>
    </p>
   </div>
   <div class='ocr_carea' id='block_1_4' title="bbox 112 3239 1255 3420">
    <p class='ocr_par' dir='ltr' id='par_1_4' title="bbox 112 3239 1255 3420">
     <span class='ocr_line' id='line_1_14' title="bbox 112 3239 1255 3319; baseline 0.005 -22"><span class='ocrx_word' id='word_1_125' title='bbox 112 3249 256 3314; x_wconf 76' lang='lat' dir='ltr'><strong>protextu</strong></span> <span class='ocrx_word' id='word_1_126' title='bbox 270 3239 425 3318; x_wconf 76' lang='lat' dir='ltr'><strong>religionis</strong></span> <span class='ocrx_word' id='word_1_127' title='bbox 445 3239 704 3301; x_wconf 83' lang='lat' dir='ltr'><strong>omnia‘seelerum</strong></span> <span class='ocrx_word' id='word_1_128' title='bbox 724 3260 832 3319; x_wconf 77' lang='lat' dir='ltr'><strong>genera</strong></span> <span class='ocrx_word' id='word_1_129' title='bbox 852 3241 1081 3310; x_wconf 76' lang='lat' dir='ltr'><strong>exercebantur,-</strong></span> <span class='ocrx_word' id='word_1_130' title='bbox 1102 3240 1214 3319; x_wconf 88' lang='lat' dir='ltr'><strong>dequo</strong></span> <span class='ocrx_word' id='word_1_131' title='bbox 1226 3263 1255 3303; x_wconf 84' lang='lat' dir='ltr'><strong>v.</strong></span> 
     </span>
     <span class='ocr_line' id='line_1_15' title="bbox 114 3335 1253 3420; baseline 0.005 -27"><span class='ocrx_word' id='word_1_132' title='bbox 114 3335 176 3394; x_wconf 87' lang='lat' dir='ltr'><strong>Liv.</strong></span> <span class='ocrx_word' id='word_1_133' title='bbox 198 3337 353 3408; x_wconf 85' lang='lat' dir='ltr'><strong>XXXIX,</strong></span> <span class='ocrx_word' id='word_1_134' title='bbox 376 3345 484 3398; x_wconf 86' lang='lat'>8-18.</span> <span class='ocrx_word' id='word_1_135' title='bbox 521 3339 606 3400; x_wconf 84' lang='lat' dir='ltr'><strong>Conf.</strong></span> <span class='ocrx_word' id='word_1_136' title='bbox 630 3338 705 3418; x_wconf 88' lang='lat' dir='ltr'><strong>inpr.</strong></span> <span class='ocrx_word' id='word_1_137' title='bbox 731 3339 884 3401; x_wconf 85' lang='lat' dir='ltr'><strong>Creuzer’s</strong></span> <span class='ocrx_word' id='word_1_138' title='bbox 909 3335 1063 3415; x_wconf 83' lang='lat' dir='ltr'><strong>Symbolik</strong></span> <span class='ocrx_word' id='word_1_139' title='bbox 1084 3338 1118 3396; x_wconf 88' lang='lat' dir='ltr'><strong>T.</strong></span> <span class='ocrx_word' id='word_1_140' title='bbox 1143 3339 1202 3398; x_wconf 90' lang='lat'><em>111.</em></span> <span class='ocrx_word' id='word_1_141' title='bbox 1223 3361 1253 3420; x_wconf 89' lang='lat' dir='ltr'><strong>p.</strong></span> 
     </span>
    </p>
   </div>
   <div class='ocr_carea' id='block_1_5' title="bbox 116 3436 1340 3820">
    <p class='ocr_par' dir='ltr' id='par_1_5' title="bbox 117 3436 1255 3521">
     <span class='ocr_line' id='line_1_16' title="bbox 117 3436 1255 3521; baseline 0.004 -27"><span class='ocrx_word' id='word_1_142' title='bbox 117 3445 174 3502; x_wconf 76' lang='lat'><strong>374</strong></span> <span class='ocrx_word' id='word_1_143' title='bbox 197 3459 256 3517; x_wconf 83' lang='lat' dir='ltr'><strong>seq.</strong></span> <span class='ocrx_word' id='word_1_144' title='bbox 343 3439 436 3498; x_wconf 80' lang='lat' dir='ltr'><strong>uiuunt</strong></span> <span class='ocrx_word' id='word_1_145' title='bbox 464 3438 669 3511; x_wconf 72' lang='lat' dir='ltr'><em>Bacchanalia,</em></span> <span class='ocrx_word' id='word_1_146' title='bbox 693 3438 722 3497; x_wconf 90' lang='lat' dir='ltr'><strong>h.</strong></span> <span class='ocrx_word' id='word_1_147' title='bbox 747 3459 772 3498; x_wconf 87' lang='lat' dir='ltr'><strong>e.</strong></span> <span class='ocrx_word' id='word_1_148' title='bbox 797 3436 949 3506; x_wconf 72' lang='lat' dir='ltr'><em>Bacchiae,</em></span> <span class='ocrx_word' id='word_1_149' title='bbox 977 3438 1037 3496; x_wconf 87' lang='lat' dir='ltr'><strong>ritu</strong></span> <span class='ocrx_word' id='word_1_150' title='bbox 1063 3459 1174 3511; x_wconf 85' lang='lat' dir='ltr'><strong>eorum,</strong></span> <span class='ocrx_word' id='word_1_151' title='bbox 1202 3443 1255 3521; x_wconf 90' lang='lat' dir='ltr'><strong>qui</strong></span> 
     </span>
    </p>

    <p class='ocr_par' dir='ltr' id='par_1_6' title="bbox 117 3540 1340 3614">
     <span class='ocr_line' id='line_1_17' title="bbox 117 3540 1340 3614; baseline 0.004 -15"><span class='ocrx_word' id='word_1_152' title='bbox 117 3540 182 3599; x_wconf 76' lang='lat' dir='ltr'><strong>haeo</strong></span> <span class='ocrx_word' id='word_1_153' title='bbox 195 3563 273 3602; x_wconf 77' lang='lat' dir='ltr'><strong>mera</strong></span> <span class='ocrx_word' id='word_1_154' title='bbox 286 3543 483 3614; x_wconf 76' lang='lat' dir='ltr'><strong>celebrabunt,</strong></span> <span class='ocrx_word' id='word_1_155' title='bbox 502 3543 550 3603; x_wconf 92' lang='lat' dir='ltr'><strong>vel</strong></span> <span class='ocrx_word' id='word_1_156' title='bbox 564 3543 791 3604; x_wconf 80' lang='lat' dir='ltr'><em>Bacchanalium</em></span> <span class='ocrx_word' id='word_1_157' title='bbox 804 3540 902 3612; x_wconf 89' lang='lat' dir='ltr'><strong>modo,</strong></span> <span class='ocrx_word' id='word_1_158' title='bbox 918 3541 958 3603; x_wconf 84' lang='lat' dir='ltr'><strong>ita</strong></span> <span class='ocrx_word' id='word_1_159' title='bbox 970 3553 1005 3601; x_wconf 91' lang='lat' dir='ltr'><strong>ut</strong></span> <span class='ocrx_word' id='word_1_160' title='bbox 1018 3563 1052 3602; x_wconf 84' lang='lat' dir='ltr'><strong>en</strong></span> <span class='ocrx_word' id='word_1_161' title='bbox 1062 3544 1191 3604; x_wconf 83' lang='lat' dir='ltr'><strong>vivendo</strong></span> <span class='ocrx_word' id='word_1_162' title='bbox 1203 3565 1255 3607; x_wconf 82' lang='lat' dir='ltr'><strong>cx·</strong></span> <span class='ocrx_word' id='word_1_163' title='bbox 1336 3598 1340 3604; x_wconf 89' lang='lat'><em>.</em></span> 
     </span>
    </p>

    <p class='ocr_par' dir='ltr' id='par_1_7' title="bbox 116 3641 1253 3820">
     <span class='ocr_line' id='line_1_18' title="bbox 116 3641 1157 3716; baseline 0.006 -21"><span class='ocrx_word' id='word_1_164' title='bbox 116 3641 254 3716; x_wconf 73' lang='lat' dir='ltr'><strong>primaint.</strong></span> <span class='ocrx_word' id='word_1_165' title='bbox 442 3669 448 3684; x_wconf 91' lang='lat'><strong>·</strong></span> <span class='ocrx_word' id='word_1_166' title='bbox 635 3666 652 3687; x_wconf 85' lang='lat'><strong>··</strong></span> <span class='ocrx_word' id='word_1_167' title='bbox 1151 3663 1157 3674; x_wconf 86' lang='grc'><em>·</em></span> 
     </span>
     <span class='ocr_line' id='line_1_19' title="bbox 162 3739 1253 3820; baseline 0.003 -23"><span class='ocrx_word' id='word_1_168' title='bbox 162 3747 254 3818; x_wconf 79' lang='lat' dir='ltr'><strong>4seq.</strong></span> <span class='ocrx_word' id='word_1_169' title='bbox 268 3741 338 3800; x_wconf 71' lang='lat' dir='ltr'><em>Hac</em></span> <span class='ocrx_word' id='word_1_170' title='bbox 352 3751 397 3800; x_wconf 84' lang='lat' dir='ltr'><strong>est</strong></span> <span class='ocrx_word' id='word_1_171' title='bbox 410 3741 567 3820; x_wconf 80' lang='lat' dir='ltr'><strong>descriptio</strong></span> <span class='ocrx_word' id='word_1_172' title='bbox 579 3742 685 3802; x_wconf 90' lang='lat' dir='ltr'><strong>horum</strong></span> <span class='ocrx_word' id='word_1_173' title='bbox 703 3740 865 3802; x_wconf 88' lang='lat' dir='ltr'><strong>hominum.</strong></span> <span class='ocrx_word' id='word_1_174' title='bbox 907 3739 1033 3800; x_wconf 79' lang='lat' dir='ltr'><em>Primam</em></span> <span class='ocrx_word' id='word_1_175' title='bbox 1047 3752 1115 3801; x_wconf 83' lang='lat' dir='ltr'><strong>sunt</strong></span> <span class='ocrx_word' id='word_1_176' title='bbox 1129 3741 1233 3801; x_wconf 82' lang='lat' dir='ltr'><strong>indocti</strong></span> <span class='ocrx_word' id='word_1_177' title='bbox 1239 3765 1253 3808; x_wconf 80' lang='lat'><strong>,-</strong></span> 
     </span>
    </p>
   </div>
   <div class='ocr_carea' id='block_1_6' title="bbox 113 3841 1255 4021">
    <p class='ocr_par' dir='ltr' id='par_1_8' title="bbox 113 3841 1255 4021">
     <span class='ocr_line' id='line_1_20' title="bbox 114 3841 1255 3922; baseline 0.002 -24"><span class='ocrx_word' id='word_1_178' title='bbox 114 3841 229 3900; x_wconf 86' lang='lat' dir='ltr'><strong>deinde</strong></span> <span class='ocrx_word' id='word_1_179' title='bbox 243 3842 284 3918; x_wconf 91' lang='lat' dir='ltr'><strong>(v.</strong></span> <span class='ocrx_word' id='word_1_180' title='bbox 299 3848 398 3922; x_wconf 79' lang='lat' dir='ltr'><strong>Sseq.)</strong></span> <span class='ocrx_word' id='word_1_181' title='bbox 409 3841 508 3921; x_wconf 81' lang='lat' dir='ltr'><strong>fronti</strong></span> <span class='ocrx_word' id='word_1_182' title='bbox 521 3843 598 3902; x_wconf 85' lang='lat' dir='ltr'><em>nulla</em></span> <span class='ocrx_word' id='word_1_183' title='bbox 608 3843 690 3920; x_wconf 80' lang='lat' dir='ltr'><strong>fider</strong></span> <span class='ocrx_word' id='word_1_184' title='bbox 702 3853 766 3913; x_wconf 68' lang='lat' dir='ltr'><strong>est,</strong></span> <span class='ocrx_word' id='word_1_185' title='bbox 787 3852 927 3920; x_wconf 66' lang='lat' dir='ltr'><strong>practerea</strong></span> <span class='ocrx_word' id='word_1_186' title='bbox 941 3843 983 3920; x_wconf 85' lang='lat' dir='ltr'><strong>(v.</strong></span> <span class='ocrx_word' id='word_1_187' title='bbox 1001 3849 1035 3903; x_wconf 90' lang='lat' dir='ltr'><strong>ll</strong></span> <span class='ocrx_word' id='word_1_188' title='bbox 1052 3846 1127 3921; x_wconf 88' lang='lat' dir='ltr'><strong>seq.)</strong></span> <span class='ocrx_word' id='word_1_189' title='bbox 1143 3842 1255 3921; x_wconf 67' lang='lat' dir='ltr'><strong>hispida</strong></span> 
     </span>
     <span class='ocr_line' id='line_1_21' title="bbox 113 3937 1255 4021; baseline 0 -23"><span class='ocrx_word' id='word_1_190' title='bbox 113 3941 240 4000; x_wconf 76' lang='lat' dir='ltr'><em>mandra</em></span> <span class='ocrx_word' id='word_1_191' title='bbox 261 3942 365 4020; x_wconf 67' lang='lat' dir='ltr'><em>mana</em></span> <span class='ocrx_word' id='word_1_192' title='bbox 389 3953 464 4014; x_wconf 73' lang='lat' dir='ltr'><strong>oet5</strong></span> <span class='ocrx_word' id='word_1_193' title='bbox 480 3937 617 4021; x_wconf 78' lang='lat' dir='ltr'><strong>&#39;denique</strong></span> <span class='ocrx_word' id='word_1_194' title='bbox 638 3943 680 4020; x_wconf 86' lang='lat' dir='ltr'><strong>(v.</strong></span> <span class='ocrx_word' id='word_1_195' title='bbox 705 3948 742 4000; x_wconf 77' lang='lat'><strong>14</strong></span> <span class='ocrx_word' id='word_1_196' title='bbox 762 3942 837 4020; x_wconf 83' lang='lat' dir='ltr'><strong>seq.)</strong></span> <span class='ocrx_word' id='word_1_197' title='bbox 858 3959 943 3998; x_wconf 78' lang='lat' dir='ltr'><em>rama</em></span> <span class='ocrx_word' id='word_1_198' title='bbox 960 3959 1050 3999; x_wconf 80' lang='lat' dir='ltr'><strong>senno</strong></span> <span class='ocrx_word' id='word_1_199' title='bbox 1072 3940 1128 3998; x_wconf 73' lang='lat' dir='ltr'><strong>illis</strong></span> <span class='ocrx_word' id='word_1_200' title='bbox 1149 3951 1255 3999; x_wconf 77' lang='lat' dir='ltr'><strong>cet-</strong></span> 
     </span>
    </p>
   </div>
   <div class='ocr_carea' id='block_1_7' title="bbox 111 4134 1254 4471">
    <p class='ocr_par' dir='ltr' id='par_1_9' title="bbox 113 4134 1254 4276">
     <span class='ocr_line' id='line_1_22' title="bbox 144 4134 1254 4211; baseline 0.001 -17"><span class='ocrx_word' id='word_1_201' title='bbox 144 4145 202 4194; x_wconf 68' lang='lat' dir='ltr'><strong>&#39;ct</strong></span> <span class='ocrx_word' id='word_1_202' title='bbox 222 4146 253 4194; x_wconf 86' lang='lat' dir='ltr'><strong>nd</strong></span> <span class='ocrx_word' id='word_1_203' title='bbox 272 4147 335 4206; x_wconf 87' lang='lat' dir='ltr'><strong>XV,</strong></span> <span class='ocrx_word' id='word_1_204' title='bbox 351 4153 396 4196; x_wconf 87' lang='lat' dir='ltr'><strong>l&#39;tl</strong></span> <span class='ocrx_word' id='word_1_205' title='bbox 416 4163 465 4211; x_wconf 79' lang='lat' dir='ltr'><strong>seq.</strong></span> <span class='ocrx_word' id='word_1_206' title='bbox 487 4147 558 4210; x_wconf 83' lang='lat' dir='ltr'><strong>Prop.</strong></span> <span class='ocrx_word' id='word_1_207' title='bbox 573 4148 595 4205; x_wconf 86' lang='lat'><strong>1.</strong></span> <span class='ocrx_word' id='word_1_208' title='bbox 608 4154 631 4204; x_wconf 86' lang='lat'><strong>6,</strong></span> <span class='ocrx_word' id='word_1_209' title='bbox 644 4137 666 4194; x_wconf 76' lang='lat' dir='ltr'><strong>t&#39;.</strong></span> <span class='ocrx_word' id='word_1_210' title='bbox 700 4146 741 4194; x_wconf 75' lang='lat' dir='ltr'><strong>lini</strong></span> <span class='ocrx_word' id='word_1_211' title='bbox 752 4161 808 4195; x_wconf 79' lang='lat' dir='ltr'><strong>omn</strong></span> <span class='ocrx_word' id='word_1_212' title='bbox 819 4155 988 4201; x_wconf 75' lang='lat' dir='ltr'><strong>remanserant,</strong></span> <span class='ocrx_word' id='word_1_213' title='bbox 1005 4134 1163 4192; x_wconf 80' lang='lat' dir='ltr'><strong>mediisinter</strong></span> <span class='ocrx_word' id='word_1_214' title='bbox 1172 4147 1215 4208; x_wconf 79' lang='lat' dir='ltr'><strong>leg.</strong></span> <span class='ocrx_word' id='word_1_215' title='bbox 1229 4156 1254 4195; x_wconf 78' lang='lat' dir='ltr'><strong>ot</strong></span> 
     </span>
     <span class='ocr_line' id='line_1_23' title="bbox 113 4208 1253 4276; baseline 0.002 -18"><span class='ocrx_word' id='word_1_216' title='bbox 113 4211 152 4268; x_wconf 88' lang='lat'><strong>11,</strong></span> <span class='ocrx_word' id='word_1_217' title='bbox 161 4217 203 4266; x_wconf 77' lang='lat'><strong>30,</strong></span> <span class='ocrx_word' id='word_1_218' title='bbox 217 4215 240 4258; x_wconf 76' lang='lat'>2</span> <span class='ocrx_word' id='word_1_219' title='bbox 256 4213 320 4260; x_wconf 81' lang='lat' dir='ltr'><strong>Hor.</strong></span> <span class='ocrx_word' id='word_1_220' title='bbox 333 4213 383 4262; x_wconf 91' lang='lat' dir='ltr'><strong>0d.</strong></span> <span class='ocrx_word' id='word_1_221' title='bbox 400 4213 440 4270; x_wconf 89' lang='lat'><strong>11,</strong></span> <span class='ocrx_word' id='word_1_222' title='bbox 452 4219 476 4271; x_wconf 81' lang='lat'><strong>6,</strong></span> <span class='ocrx_word' id='word_1_223' title='bbox 493 4217 501 4261; x_wconf 81' lang='lat' dir='ltr'><em>l</em></span> <span class='ocrx_word' id='word_1_224' title='bbox 518 4229 566 4276; x_wconf 78' lang='lat' dir='ltr'><strong>seq.</strong></span> <span class='ocrx_word' id='word_1_225' title='bbox 701 4215 784 4262; x_wconf 75' lang='lat' dir='ltr'><strong>dormit</strong></span> <span class='ocrx_word' id='word_1_226' title='bbox 794 4210 893 4259; x_wconf 82' lang='lat' dir='ltr'><strong>omissis.</strong></span> <span class='ocrx_word' id='word_1_227' title='bbox 931 4208 1014 4258; x_wconf 84' lang='lat' dir='ltr'><strong>Dictio</strong></span> <span class='ocrx_word' id='word_1_228' title='bbox 1029 4208 1095 4257; x_wconf 82' lang='lat' dir='ltr'><strong>enim</strong></span> <span class='ocrx_word' id='word_1_229' title='bbox 1109 4208 1151 4256; x_wconf 76' lang='lat' dir='ltr'><strong>ill·</strong></span> <span class='ocrx_word' id='word_1_230' title='bbox 1165 4213 1253 4275; x_wconf 72' lang='lat' dir='ltr'><strong>aliquid</strong></span> 
     </span>
    </p>

    <p class='ocr_par' dir='ltr' id='par_1_10' title="bbox 111 4274 1253 4471">
     <span class='ocr_line' id='line_1_24' title="bbox 140 4274 1253 4326; baseline -0.001 -1"><span class='ocrx_word' id='word_1_231' title='bbox 140 4276 277 4325; x_wconf 73' lang='lat' dir='ltr'><strong>&#39;Detmdn</strong></span> <span class='ocrx_word' id='word_1_232' title='bbox 292 4279 407 4326; x_wconf 84' lang='lat' dir='ltr'><strong>suattria</strong></span> <span class='ocrx_word' id='word_1_233' title='bbox 419 4280 490 4326; x_wconf 73' lang='lat' dir='ltr'><strong>verba</strong></span> <span class='ocrx_word' id='word_1_234' title='bbox 500 4278 525 4326; x_wconf 87' lang='lat' dir='ltr'><em>ia</em></span> <span class='ocrx_word' id='word_1_235' title='bbox 537 4277 593 4326; x_wconf 79' lang='lat' dir='ltr'><strong>edit.</strong></span> <span class='ocrx_word' id='word_1_236' title='bbox 606 4277 664 4325; x_wconf 87' lang='lat' dir='ltr'><strong>min.</strong></span> <span class='ocrx_word' id='word_1_237' title='bbox 700 4281 728 4326; x_wconf 80' lang='lat' dir='ltr'><strong>de</strong></span> <span class='ocrx_word' id='word_1_238' title='bbox 739 4279 841 4326; x_wconf 74' lang='lat' dir='ltr'><em>maroa</em></span> <span class='ocrx_word' id='word_1_239' title='bbox 852 4279 940 4324; x_wconf 79' lang='lat' dir='ltr'><strong>andere</strong></span> <span class='ocrx_word' id='word_1_240' title='bbox 950 4275 1023 4322; x_wconf 73' lang='lat' dir='ltr'><strong>etiam</strong></span> <span class='ocrx_word' id='word_1_241' title='bbox 1038 4289 1104 4322; x_wconf 89' lang='lat' dir='ltr'><strong>nunc</strong></span> <span class='ocrx_word' id='word_1_242' title='bbox 1119 4274 1177 4322; x_wconf 89' lang='lat' dir='ltr'><strong>mihi</strong></span> <span class='ocrx_word' id='word_1_243' title='bbox 1188 4277 1253 4324; x_wconf 78' lang='lat' dir='ltr'><strong>haud</strong></span> 
     </span>
     <span class='ocr_line' id='line_1_25' title="bbox 111 4337 1252 4406; baseline 0.005 -21"><span class='ocrx_word' id='word_1_244' title='bbox 111 4337 301 4404; x_wconf 66' lang='lat' dir='ltr'><strong>his&#39;strbjuncts,</strong></span> <span class='ocrx_word' id='word_1_245' title='bbox 317 4359 374 4405; x_wconf 72' lang='lat' dir='ltr'><strong>qum</strong></span> <span class='ocrx_word' id='word_1_246' title='bbox 391 4359 422 4391; x_wconf 83' lang='lat' dir='ltr'><strong>ex</strong></span> <span class='ocrx_word' id='word_1_247' title='bbox 443 4343 550 4403; x_wconf 80' lang='lat' dir='ltr'><strong>pluribus</strong></span> <span class='ocrx_word' id='word_1_248' title='bbox 566 4343 668 4406; x_wconf 75' lang='lat' dir='ltr'><strong>margini</strong></span> <span class='ocrx_word' id='word_1_249' title='bbox 701 4341 792 4390; x_wconf 66' lang='lat' dir='ltr'><strong>sincero</strong></span> <span class='ocrx_word' id='word_1_250' title='bbox 803 4340 904 4397; x_wconf 77' lang='lat' dir='ltr'><strong>videtur,</strong></span> <span class='ocrx_word' id='word_1_251' title='bbox 922 4339 964 4387; x_wconf 77' lang='lat' dir='ltr'><strong>sed</strong></span> <span class='ocrx_word' id='word_1_252' title='bbox 983 4339 1183 4390; x_wconf 73' lang='lat' dir='ltr'><strong>emenmriomtis</strong></span> <span class='ocrx_word' id='word_1_253' title='bbox 1198 4356 1252 4403; x_wconf 77' lang='lat' dir='ltr'><strong>pru·</strong></span> 
     </span>
     <span class='ocr_line' id='line_1_26' title="bbox 113 4403 1041 4471; baseline -0.001 -17"><span class='ocrx_word' id='word_1_254' title='bbox 113 4409 215 4465; x_wconf 69' lang='lat' dir='ltr'><strong>nmmum</strong></span> <span class='ocrx_word' id='word_1_255' title='bbox 226 4407 354 4471; x_wconf 60' lang='lat' dir='ltr'><strong>mscnptis</strong></span> <span class='ocrx_word' id='word_1_256' title='bbox 364 4421 389 4456; x_wconf 83' lang='lat' dir='ltr'><strong>et</strong></span> <span class='ocrx_word' id='word_1_257' title='bbox 398 4407 485 4457; x_wconf 79' lang='lat' dir='ltr'><strong>deinde</strong></span> <span class='ocrx_word' id='word_1_258' title='bbox 496 4407 599 4458; x_wconf 76' lang='lat' dir='ltr'><strong>inductis</strong></span> <span class='ocrx_word' id='word_1_259' title='bbox 608 4407 668 4456; x_wconf 82' lang='lat' dir='ltr'><strong>inse·</strong></span> <span class='ocrx_word' id='word_1_260' title='bbox 701 4406 786 4457; x_wconf 80' lang='lat' dir='ltr'><strong>babilis</strong></span> <span class='ocrx_word' id='word_1_261' title='bbox 796 4406 905 4455; x_wconf 88' lang='lat' dir='ltr'><strong>nondum</strong></span> <span class='ocrx_word' id='word_1_262' title='bbox 916 4403 1041 4454; x_wconf 81' lang='lat' dir='ltr'><strong>succurrit.</strong></span> 
     </span>
    </p>
   </div>
   <div class='ocr_carea' id='block_1_8' title="bbox 0 0 1554 5250">
    <p class='ocr_par' dir='ltr' id='par_1_11' title="bbox 0 0 1554 5250">
     <span class='ocr_line' id='line_1_27' title="bbox 0 0 1554 5250; baseline 0 1"><span class='ocrx_word' id='word_1_263' title='bbox 0 0 1554 5250; x_wconf 95' lang='lat' dir='ltr'><strong> </strong></span> 
     </span>
    </p>
   </div>
  </div>
 </body>
</html>
