3100 5250
514 446 567 513 IN
588 447 752 516 JUVEN.
778 448 876 513 ΕΔΤ.
900 449 960 515 vl.
1239 456 1303 515 200

154 604 247 693 sunt,
267 619 317 681 vel
339 619 448 699 potius,
473 636 532 699 quo
551 618 657 699 aaepius
670 619 718 681 vel
738 620 769 677 in
790 618 924 680 exsilium
938 619 984 679 vel
1004 620 1035 679 in
1055 640 1200 683 carcerem
1213 624 1259 683 vel
1273 624 1305 681 in

154 718 318 779 desertam
337 716 462 777 insulam
482 716 563 777 missi
583 730 660 791 sunt,
682 717 742 777 scil.
763 727 883 797 propter
903 716 990 791 mula,
1010 736 1076 798 qum
1095 719 1306 797 praedixerunt,

156 820 216 879 vel
231 832 334 881 motus
346 831 405 881 tam
417 820 580 879 animorum
593 829 623 879 et
636 818 746 892 civiles,
758 839 847 898 quam
860 818 989 890 bellicos,
1002 840 1078 897 quoa
1090 820 1235 881 vaticiniis
1247 821 1308 881 suis

157 919 349 979 excitarunt
389 918 464 977 Nam
477 918 502 977 si
516 927 638 978 eventus
652 917 800 997 predictis
811 916 887 977 sorte
902 917 1063 997 respondit,
1082 936 1143 978 non
1160 918 1250 978 modo
1262 939 1308 979 re·

158 1032 321 1081 vocantur
333 1031 363 1081 et
379 1019 540 1079 hhertstem
559 1030 742 1098 recuperant,
764 1018 820 1078 sed
838 1039 975 1097 magnam
989 1040 1106 1099 quoque
1117 1021 1227 1079 famam
1239 1040 1308 1080 eon·

164 1136 351 1201 sequuntur.
388 1120 519 1181 Historia
532 1121 620 1181 etiam
633 1122 764 1181 omnium
779 1132 945 1201 temporum
959 1122 1053 1194 docet,
1067 1122 1200 1183 eunucis
1208 1143 1244 1181 ao
1257 1144 1308 1183 va·

163 1225 258 1285 trhus
271 1244 306 1283 eo
317 1222 417 1283 melius
430 1222 551 1283 consilia
559 1233 590 1283 et
600 1234 697 1302 coepta
710 1243 762 1283 aus
773 1224 958 1302 processisse,
969 1245 1029 1304 quo
1041 1225 1176 1304 pluribus
1188 1224 1308 1283 obnoxii

158 1325 285 1385 fuerint
301 1324 437 1403 periculis
457 1336 488 1383 et
507 1324 754 1385 insectationibus.
796 1324 859 1403 lpsi
879 1326 1080 1389 Mathematici
1102 1328 1150 1386 vel
1169 1325 1308 1405 astrologi

160 1426 278 1505 saepiua
291 1440 321 1485 et
334 1427 364 1485 in
379 1425 516 1505 exsilium
528 1426 618 1496 missi,
633 1438 663 1487 et
675 1425 803 1487 revocati
817 1439 894 1487 sunt
931 1428 996 1489 Hoc
1006 1449 1098 1508 genus
1110 1429 1246 1489 homiuum
1255 1448 1309 1507 po-

163 1530 288 1591 testibus
300 1530 428 1608 infidum,
449 1530 623 1610 muethus
632 1530 744 1609 sollae,
765 1531 839 1612 qaod
857 1532 887 1591 ia
901 1533 1010 1595 civim
1024 1543 1120 1594 nostro
1134 1542 1161 1595 et
1174 1534 1311 1593 wtohitur

167 1654 287 1713 suuper,
300 1640 324 1691 et
338 1632 510 1703 retinebitur,
532 1632 601 1693 Tac.
615 1633 695 1699 Hist-
710 1634 735 1707 Ι,
750 1640 799 1695 22.
811 1632 847 1678 ¹²⁹
927 1636 1108 1715 Praecipuus,
1124 1636 1240 1717 judicio
1257 1636 1310 1696 ho-

167 1736 287 1795 miuum
299 1734 424 1815 volgari,
447 1744 487 1795 est
501 1734 598 1795 lorum
610 1734 834 1815 astrologorum,
854 1737 902 1817 qui
921 1737 1025 1818 sepios
1043 1739 1124 1798 exsul
1138 1739 1208 1810 fuit,
1228 1740 1311 1817 cajus

164 1838 271 1898 ceth.
284 1859 309 1898 e
322 1837 497 1917 astrologus,
521 1836 616 1917 qualis
633 1838 691 1897 suit
710 1838 770 1908 ille,
794 1826 831 1899 ex
849 1840 937 1919 cujus
955 1841 1144 1902 affirmatione
1157 1853 1188 1901 et
1201 1842 1311 1901 tabellis

160 1934 352 2014 astrologicis
372 1938 415 2014 (v.
436 1936 474 1995 ad
488 1956 516 1994 v.
532 1938 614 2015 553.)
642 1955 725 2015 spem
744 1935 861 2014 imperii
880 1938 1060 2017 praecipuam
1079 1921 1159 2018 cepit
1179 1938 1261 1999 Otho
1280 1950 1311 1999 et

160 2036 255 2115 eujus
268 2036 453 2115 poussimum
467 2036 607 2097 instinctu
621 2036 647 2095 is
658 2025 896 2116 maguam'eiosns,
911 2038 1047 2107 Gslbsm,
1068 2058 1184 2099 summo
1201 2059 1310 2119 genere

163 2146 274 2195 mtnm
284 2146 316 2195 et
331 2135 551 2214 Imperatorem,
575 2136 620 2211 (v.
631 2135 671 2194 sd
684 2134 710 2204 1,
725 2135 789 2213 38.)
804 2134 970 2195 trucidavit
1011 2136 1237 2197 Mathematicus
1249 2138 1309 2209 ille,

169 2237 279 2297 mico
291 2236 428 2309 Othonis,
452 2238 580 2298 Seleucus
593 2236 701 2297 dicitur
715 2236 796 2297 Suet
812 2234 884 2296 Oth.
898 2234 987 2296 4-6.
1007 2236 1060 2297 aed
1073 2238 1239 2299 Ptolemae
1252 2240 1311 2299 Ta·

169 2339 235 2398 cito
257 2340 329 2400 llist.
346 2338 371 2408 1,
386 2344 437 2399 22.
460 2349 490 2399 et
510 2336 679 2409 Plutarcho,
699 2337 780 2397 uode
800 2336 936 2397 nonnulli
956 2347 1070 2416 putant,
1093 2337 1159 2397 haeo
1178 2339 1311 2417 ejusdem

166 2440 297 2499 hominis
316 2440 432 2499 diversa
451 2440 569 2499 uomina
588 2438 687 2499 fuisse.
707 2459 736 2497 v·
751 2439 853 2499 Burm-
866 2437 905 2496 ad
920 2438 1001 2498 Suet.
1014 2438 1034 2497 l.
1047 2439 1069 2497 l.
1089 2450 1120 2499 et
1140 2440 1258 2501 Ernesti
1270 2441 1310 2502 ad

165 2542 241 2601 Tac.
262 2540 284 2602 l.
298 2562 323 2601 c
345 2542 532 2603 Alterutrum
551 2552 651 2601 tamen
672 2538 775 2617 copim
799 2538 917 2598 casulem
942 2539 1042 2610 fuisse,
1067 2560 1128 2599 non
1146 2539 1206 2612 alii,
1227 2541 1310 2619 quod

83 2651 92 2663 ”
166 2641 274 2708 seiam,
289 2640 414 2700 tradunt
434 2639 536 2700 tubello
556 2637 743 2708 mouenda,
764 2637 850 2716 cujus
870 2637 1039 2697 vaticinium
1053 2659 1160 2718 magna
1173 2639 1310 2700 mercede

169 2738 334 2798 emmdum
345 2749 393 2798 est.
415 2735 471 2798 obit
484 2757 539 2816 pro
552 2735 626 2796 obiit.
647 2754 675 2796 v.
690 2734 794 2794 Heius.
808 2736 847 2795 sd
861 2734 949 2797 Ovitl
964 2735 1041 2796 Fast
1057 2737 1083 2807 1,
1100 2744 1168 2808 109.
1181 2773 1224 2788 -
1238 2737 1306 2799 560.

158 2843 248 2919 fles
260 2853 303 2902 est
315 2863 336 2901 e
348 2842 382 2901 fit
392 2841 451 2900 orti
459 2837 647 2918 astrologicae.
657 2836 754 2920 ferro,
769 2836 870 2897 ferreis
881 2838 991 2898 catenis
1004 2858 1027 2896 s
1040 2839 1170 2898 manicis
1183 2874 1226 2888 --
1239 2840 1308 2900 561.

167 2949 208 3008 In
222 2948 324 3009 oschis
337 2946 448 3008 mevis
462 2964 559 3006 carcer
572 2952 643 3014 erat,
664 2941 758 3020 iisque
778 2941 865 3002 motis
884 2940 1008 3000 malefici
1028 2940 1138 3001 catenis
1153 2941 1309 3008 traheban-

163 3061 225 3110 tur.
242 3051 290 3109 Cf.
300 3050 346 3119 ‚sd
360 3049 430 3108 Tac.
444 3049 523 3106 Ann.
539 3045 565 3116 1,
579 3052 627 3104 21.
641 3055 671 3104 et
687 3043 745 3112 ΙΙΙ,
760 3050 808 3102 22.
823 3081 864 3096 --
878 3042 946 3104 562.
960 3061 1039 3102 asmo
1050 3041 1235 3114 indemnatus,
1248 3061 1310 3102 non

164 3173 189 3212 a.
202 3171 370 3231 numquam
384 3149 548 3217 damnatus,
562 3145 670 3205 uubis
688 3143 803 3224 judicio
815 3144 968 3204 hominum
982 3143 1097 3222 vulgari
1110 3143 1244 3222 adeoque
1256 3143 1309 3204 ha·

163 3256 236 3317 bere
247 3255 416 3335 putabitur,
427 3249 548 3332 genium,
571 3247 705 3328 peritiam
718 3247 788 3307 artis
802 3247 850 3306 vel
863 3245 1036 3324 ingenium
1058 3245 1115 3304 nisi
1135 3244 1235 3306 malis:
1257 3245 1309 3304 ho·
1360 3271 1363 3278 ·

170 3359 240 3418 ceto
250 3357 376 3440 mnium,
392 3353 479 3414 Genii
492 3353 631 3421 favorem,
646 3349 792 3408 fortunam
808 3347 974 3406 secundam.
1013 3346 1097 3404 Conf.
1112 3345 1238 3406 Murtial.
1253 3345 1308 3409 Vl,

173 3459 223 3528 60,
238 3463 283 3514 10.
305 3454 446 3534 (uictum
460 3451 572 3533 genium
585 3448 663 3508 dehet
677 3447 779 3506 holm
791 3445 874 3522 liber)
897 3456 927 3502 et
940 3441 1013 3515 Vll,
1029 3450 1078 3515 77,
1094 3449 1133 3502 4.·
1148 3443 1246 3520 (habes
1259 3464 1309 3505 neo

174 3571 223 3610 eor
235 3571 283 3610 ese
292 3537 430 3631 genium)
475 3548 587 3608 Genius
599 3547 684 3609 albus
698 3557 728 3610 et
740 3556 803 3606 ater
811 3568 821 3617 3
842 3545 948 3604 Horat.
963 3545 1056 3624 Epist
1071 3546 1112 3619 ΙΙ,
1127 3553 1156 3618 2,
1174 3545 1232 3606 186
1246 3565 1307 3624 seq.

176 3651 246 3709 vio
259 3670 320 3728 sup
331 3649 371 3708 ad
385 3669 414 3708 v.
428 3655 476 3708 22.
519 3645 587 3706 565.
602 3644 670 3706 564.
684 3645 729 3705 eoi
742 3643 789 3703 oin
802 3643 915 3722 contigit
929 3655 989 3704 tam
1002 3644 1079 3704 felici
1093 3665 1165 3715 esse,
1187 3656 1222 3704 ut
1234 3644 1308 3704 rele-

174 3763 296 3832 garetur
306 3763 429 3819 tantum,
442 3769 501 3809 non
510 3748 700 3818 occideretur,
716 3759 808 3826 utque
820 3746 946 3820 maden,
954 3746 1062 3808 misstos
1074 3759 1142 3826 post
1153 3767 1255 3817 annos,
1270 3746 1309 3805 de
1358 3816 1360 3819 Ι

173 3853 277 3915 mulio
289 3864 479 3915 revocaretur.
563 3850 697 3930 cyclada,
717 3867 808 3908 unam
826 3868 845 3905 a
864 3847 1041 3927 Cycladibus
1060 3849 1124 3917 ins,
1146 3869 1174 3907 v.
1187 3867 1213 3907 c.
1229 3847 1309 3907 Seri·

164 3957 256 4039 piam
268 3970 298 4020 et
310 3957 400 4029 alias3
414 3956 468 4032 ,vel
481 3975 536 4033 pro
548 3953 652 4032 quavis
672 3950 777 4020 imula,
798 3949 830 4008 in
842 3969 931 4027 quam
951 3949 1080 4008 dumnsti
1093 3946 1307 4027 relegabantur.

166 4083 195 4122 v.
209 4063 248 4122 ad
262 4063 289 4132 Ι,
305 4069 355 4129 73.
438 4057 556 4138 Seripho
573 4075 678 4136 paruo,
701 4065 736 4113 ut
757 4053 798 4123 X,
821 4059 887 4119 170.
909 4052 954 4128 (et
976 4050 1018 4111 sic
1041 4052 1117 4110 forte
1135 4071 1318 4133 parvamque.

164 4158 308 4243 Seriphon
322 4163 381 4242 leg.
396 4182 444 4241 ap.
459 4157 548 4220 Ovid.
559 4159 632 4219 Met
647 4155 719 4230 Vll,
734 4157 818 4234 464)
838 4173 908 4213 nam
922 4152 1063 4247 Seriphos
1084 4153 1167 4222 (hosi
1181 4155 1307 4237 Serfiuo)

160 4323 637 4383 nest.12.seuoesnene.so.
658 4293 722 4370 rie
788 4316 814 4348 ¹¹·
833 4311 903 4368 coer.
923 4321 989 4370 suet.
1012 4319 1066 4368 ns
1089 4324 1128 4368 se
1148 4327 1174 4368 e
1195 4319 1244 4369 us
1268 4326 1310 4370 ιι.-

161 4394 228 4442 mio.
248 4403 310 4442 aas
329 4392 410 4440 xix.
431 4389 573 4442 meumes
586 4387 641 4434 ise
661 4385 719 4438 ees
756 4384 814 4434 τω.
830 4386 896 4435 ιω.
912 4385 951 4443 11,
962 4390 1002 4433 se.
1017 4384 1135 4445 x11,⁵e
1148 4385 1250 4437 oues
1265 4387 1305 4445 ιι,

161 4459 220 4518 ΙΙΙ,
233 4462 276 4509 21·
297 4456 439 4508 Fonteuelle
449 4456 503 4506 hiat.
516 4469 578 4506 orac·
593 4452 632 4512 ΙΙ,
644 4456 659 4500 2
671 4467 719 4516 seq.
754 4456 793 4502 62.
802 4451 833 4500 ιιΙ.
922 4478 927 4493 ·
