3100 5250
495 487 547 552 IN
568 487 732 555 JUVEN.
758 491 856 557 SAT.
881 494 925 558 X.
1208 503 1273 563 439

135 655 266 714 maimo
280 656 332 717 sit:
355 677 423 726 nam
436 660 565 722 adluitur
579 661 699 724 Oceano
721 667 837 736 Mauro,
858 666 1026 727 extenditur
1047 612 1199 749 usquebd
1222 673 1275 732 Ni-

133 751 210 825 lum,
224 775 332 826 rurum,
347 769 555 838 praetereaque,
569 763 608 822 ad
622 763 815 843 AEtbiopiarn,
831 767 881 824 ubi
900 766 1000 842 magni
1020 765 1168 845 elephanti
1188 779 1274 842 sunt}

133 869 171 917 ut
184 879 231 937 ap.
253 859 356 918 Manil.
380 861 432 932 IV,
454 861 524 930 667.
565 865 604 923 Et
625 876 716 924 uastos
740 867 896 946 elephantes
920 867 1000 927 babet
1022 889 1159 950 sanosque
1175 873 1274 943 leones,

133 979 317 1040 quamquam
341 963 491 1024 Bentleius
515 965 596 1026 hunc
619 988 734 1026 versum
760 969 894 1046 spurium
918 990 980 1030 esse
1003 971 1134 1048 judicat:
1165 974 1276 1045 nescio,

135 1079 232 1136 quasa
245 1081 320 1120 vere.
361 1062 470 1134 Similis
486 1065 567 1126 locus
581 1080 624 1126 est
640 1067 743 1126 blanil.
760 1067 814 1138 lV,
837 1067 1005 1138 596-602.
1027 1091 1114 1150 quem
1134 1072 1273 1133 iuvenali

135 1174 211 1221 ante
224 1163 317 1223 oeulos
331 1164 419 1226 luisse
433 1179 523 1246 puto:
545 1169 616 1247 Ipso
630 1177 709 1229 natat
723 1169 804 1227 tellus
821 1170 919 1250 pelugi
939 1172 1059 1232 lustrata
1071 1195 1182 1245 corona,
1206 1176 1276 1235 Cin·

130 1265 230 1342 gentis
242 1267 355 1326 medium
369 1267 482 1348 liquidis
501 1271 672 1349 amplexibus
692 1271 792 1342 orbem,
816 1272 908 1351 Inque
930 1274 1010 1332 sinsus
1032 1281 1144 1353 pontum
1164 1277 1273 1356 recipit,

133 1362 187 1439 qui
200 1383 308 1442 uespere
320 1364 355 1423 ab
369 1374 431 1424 atro
445 1367 592 1427 Admissus
605 1369 703 1429 deutra
717 1369 860 1427 Numidas
880 1369 1053 1450 Libyamque
1073 1372 1203 1432 calentem
1223 1375 1277 1432 At-

133 1463 190 1522 ua
203 1474 229 1524 et
243 1487 350 1546 inagna
369 1471 505 1550 quondam
528 1471 712 1552 Carthaginis
732 1494 834 1539 arees;
856 1473 1009 1554 Litoraque
1026 1473 1056 1532 in
1083 1475 1181 1554 Syrtes
1200 1495 1277 1534 reuo-

131 1585 208 1624 cans
227 1566 337 1626 ansata
358 1569 476 1628 oadosus
494 1572 619 1630 Rursum
640 1593 725 1652 usque
748 1575 789 1632 ud
810 1572 906 1632 Nilum
927 1573 1040 1632 directis
1049 1573 1189 1652 fluetibus
1208 1576 1277 1633 erit.

133 1664 233 1742 Apud
246 1665 400 1726 Manilium
414 1668 534 1746 quidem
554 1672 621 1732 voci
640 1692 750 1731 rursum
772 1673 921 1752 adjectum
942 1684 986 1732 est
1006 1674 1131 1732 verbum
1147 1672 1219 1756 ¹enit,
1247 1684 1277 1732 et

133 1765 220 1844 apud
234 1767 372 1826 Nostrum
385 1769 566 1832 desideratur
580 1775 711 1834 verbum.
756 1775 814 1837 Sed
828 1797 864 1834 ex
884 1777 974 1836 verbo
994 1775 1105 1835 admota
1125 1796 1277 1836 assumen-

130 1865 208 1924 dum
221 1877 396 1934 estestsnsa.
438 1873 521 1933 Talia
534 1895 594 1934 non
608 1875 753 1936 inusitata.
796 1878 879 1936 Cani.
904 1878 996 1936 Periz.
1011 1879 1048 1938 ad
1062 1879 1160 1940 Sonat
1175 1878 1231 1950 IV,
1248 1887 1278 1953 8,

129 1967 213 2026 Tum
227 1969 409 2031 desideratur
423 1973 537 2052 copula,
562 1987 595 2035 ut
616 1979 718 2054 saepe.’'
761 1979 844 2036 Conl'.
867 1979 906 2036 ad
928 1980 998 2049 ΧΠ,
1022 1980 1068 2045 76.
1090 1992 1150 2041 not.
1172 1989 1275 2060 toret

132 2068 258 2130 Excurs.
274 2070 312 2128 ad
332 2071 363 2129 h.
377 2071 397 2128 1.
411 2107 453 2122 -
474 2080 541 2134 151.
562 2074 687 2134 Additur
707 2075 840 2154 imperiis,
861 2096 954 2153 regno
975 2077 1142 2150 Poenorum,
1164 2079 1277 2160 Hispa-

131 2171 192 2242 nia,
204 2174 298 2251 cujus
312 2193 380 2251 pars
402 2174 574 2234 Hannibalis
594 2188 762 2255 expugnata
776 2189 831 2237 ‘eat
853 2179 949 2238 armis.
1044 2180 1177 2258 imperiis,
1195 2193 1278 2240 vasto
1312 2159 1315 2167 ¹

132 2275 249 2334 Africae
263 2275 405 2353 imperi03
427 2277 502 2336 Aeli.
544 2278 602 2337 Sed
611 2299 712 2364 lneque
727 2279 889 2363 Hannibal,
908 2299 1007 2359 neque
1029 2280 1119 2340 Poeni
1138 2301 1278 2359 magnam

132 2379 246 2438 Africae
260 2389 374 2455 partem
388 2390 604 2460 expugnarunt.
696 2382 872 2461 Pyrenaeum
890 2394 1030 2452 montem,
1055 2401 1115 2462 qno
1134 2383 1279 2460 Hispania

130 2500 150 2539 a
165 2478 264 2558 Gallia
274 2479 436 2550 dirimitur,
451 2481 598 2551 transsilit,
614 2483 764 2542 Hannibal
779 2482 912 2544 celeriter
931 2504 968 2542 ex
989 2483 1134 2563 Hispania
1154 2485 1185 2542 in
1207 2484 1278 2544 Gal·

130 2583 191 2641 lias
205 2583 295 2643 vietor
310 2583 439 2644 transiit:
463 2605 530 2646 nam
545 2589 667 2647 verbum
682 2587 1037 2649 transsilirwelociutem
1057 2587 1197 2649 transitus
1217 2589 1277 2668 sig-

129 2680 248 2739 nifieat.
286 2682 422 2741 Ceterum
445 2682 509 2743 haee
535 2704 571 2743 ex
594 2685 660 2745 Liv.
682 2686 770 2755 XXI,
786 2694 894 2747 5-33.
909 2685 1067 2747 notissima.
1080 2721 1121 2735 -
1145 2691 1201 2745 152
1215 2707 1276 2765 seq.

133 2782 170 2841 E
187 2781 287 2841 Galliis
305 2786 455 2845 Hannibal
478 2786 712 2853 victrieioarma
735 2789 766 2847 in
791 2789 906 2849 Italiam
926 2787 1084 2847 transtulit.
1127 2795 1276 2847 152153.

132 2878 280 2939 Praeclare
299 2882 452 2945 difficultas
471 2886 610 2955 transitus
636 2885 759 2965 Alpium
784 2885 983 2945 adumbratur.
1025 2882 1157 2942 Similem
1178 2885 1276 2943 notio·
1334 2968 1338 2973 q

128 3000 216 3051 nem,
231 2981 282 3040 sed
295 2983 391 3043 miuus
405 2984 521 3043 sublimi
536 2985 688 3062 gravitate,
703 2986 847 3063 expressit
862 2986 967 3044 Horat.
982 2982 1042 3042 Od.
1057 2980 1082 3053 l,
1101 2988 1129 3051 3,
1151 2989 1188 3043 21
1210 3002 1272 3062 seq.
1294 3017 1297 3028 ·

129 3078 331 3158 Nequidquam
345 3080 425 3141 Deus
438 3080 555 3141 abscidit
566 3081 698 3166 Prudens
708 3082 818 3141 Oceano
830 3078 1000 3142 dissociabili
1017 3078 1134 3149 Terras,
1148 3077 1275 3140 sitansen

132 3180 230 3260 isnpioe
250 3180 317 3239 Non
333 3185 477 3263 tangenda
498 3194 575 3244 rates
593 3185 770 3245 transsiliunt
790 3186 871 3245 vada.
914 3182 1026 3243 Locum
1050 3193 1277 3261 veronostram

133 3282 324 3355 imitatusest
338 3284 427 3343 Rutil.
443 3285 510 3344 ltin.
526 3286 569 3357 11,
593 3292 631 3344 33
653 3306 712 3364 seq.
734 3285 869 3345 Excubiis
892 3283 972 3343 Latii
990 3280 1139 3364 prateauit
1162 3281 1274 3361 (Deus)
1392 3297 1400 3316 ·

139 3381 312 3459 Apenninum
339 3382 523 3463 Claustruque
543 3383 678 3443 nsontanis
699 3384 745 3441 uis
769 3382 898 3443 adeundo
919 3378 979 3439 uiis.
1020 3379 1161 3441 Irruidiam
1185 3380 1277 3441 timuit

138 3490 241 3541 natura
250 3504 408 3564 parumque
418 3485 526 3565 putauit
541 3485 652 3545 Aretois
666 3485 752 3564 Alpes
770 3482 928 3563 apposuisse
941 3480 1022 3543 asinis
1036 3494 1091 3542 cet.
1129 3482 1276 3563 Tempara

134 3586 223 3646 etiam
237 3607 323 3666 praes.
355 3588 514 3658 Trousdlit,
535 3588 651 3659 diducit,
673 3588 787 3668 rumpit,
801 3595 880 3657 tenet,
895 3587 991 3659 tendit,
1005 3587 1044 3645 ad
1063 3586 1275 3647 sublimitatem

133 3689 301 3766 aagendam
316 3688 421 3750 valent
504 3690 619 3769 Natura
632 3691 752 3770 quidem
767 3690 829 3768 ipsa
843 3688 939 3750 itineri
962 3688 1137 3749 Hannibalis
1156 3700 1275 3767 oppost-

135 3791 191 3851 isse
205 3792 362 3851 videbatur
382 3792 591 3871 insuperabiles
612 3792 805 3862 difficultates,
826 3792 932 3870 Alpium,
952 3802 1082 3851 montem
1102 3789 1275 3849 altissimum

133 3893 310 3972 inviumque
331 3896 516 3964 exercitibus,
540 3895 619 3954 unde
645 3895 755 3955 Plinius
776 3895 807 3953 in
833 3893 958 3953 Praoem.
982 3894 1049 3952 Lib.
1074 3890 1222 3950 XXXVI.
1245 3884 1297 3948 in‘

130 4000 271 4069 portento,
284 3994 365 4064 dicit,
384 4014 473 4073 prope
487 3994 606 4072 majores
626 3994 755 4053 babuisse
775 3993 862 4073 Alpes
884 3992 921 4053 ab
944 3991 1107 4051 Hannibale
1132 3988 1275 4069 (primum

133 4107 234 4155 tamen
248 4116 267 4155 a
281 4095 384 4164 Gallis,
399 4096 437 4154 de
451 4096 558 4174 quibus
573 4116 602 4153 v.
617 4095 682 4154 Liv.
698 4096 734 4165 V,
750 4102 798 4153 34.
819 4106 850 4154 et
870 4095 952 4164 XXI,
975 4101 1024 4153 30.
1044 4092 1124 4153 uude
1143 4091 1274 4152 fabulam

133 4194 173 4252 de
188 4192 337 4264 Herculis,
352 4216 370 4253 a
382 4194 477 4253 Gallis
491 4194 572 4264 culti,
587 4193 710 4252 transitu
724 4204 822 4252 natam
838 4192 1039 4271 suspicabatur
1052 4192 1154 4251 beleb.
1168 4191 1207 4251 ad
1221 4192 1272 4251 Sil.

133 4298 193 4368 Xl,
208 4303 294 4379 317.)
320 4308 501 4378 enumeratas
522 4306 547 4357 et
569 4304 665 4377 pastea
686 4318 705 4355 a
728 4297 869 4365 Cimbris;
893 4306 1035 4375 praeterea
1053 4294 1141 4357 niuem
1154 4294 1273 4377 mollem

133 4416 165 4463 et
178 4404 341 4482 praealtam,
356 4406 524 4499 quaomnia
538 4415 620 4464 erant
634 4403 761 4483 oppleta,
776 4404 814 4463 de
827 4424 887 4481 qua
900 4424 927 4463 v.
949 4402 1017 4473 Liv,
1039 4402 1121 4472 XXI,
1143 4407 1271 4466 35-37.

135 4501 190 4561 Sil.
207 4501 266 4574 111,
283 4510 341 4564 518
357 4524 414 4585 seq.
434 4504 530 4587 Abram
544 4514 620 4583 poet.
635 4501 709 4579 sing.
730 4521 785 4579 pro
804 4500 881 4580 plur.
902 4511 936 4561 ut
955 4500 1071 4580 passim.
1093 4502 1136 4577 (v.
1157 4500 1196 4558 ad
1220 4496 1272 4557 Sil

673 4602 696 4651 E
713 4608 754 4651 et
