3100 5250
325 499 387 558 61ss
690 491 757 559 DE
780 491 936 558 PERSII
958 485 1085 566 VITA,

322 667 384 728 istis
397 667 576 746 temporibus
590 668 638 728 vel
651 667 797 730 levissima
810 669 936 748 suspicio
954 685 1016 726 non
1034 665 1097 723 vim
1116 661 1208 741 ipsius
1227 661 1333 722 delitui
1344 661 1454 725 habue-

321 771 369 842 rit,
393 782 444 830 aut
465 771 580 831 Persius
602 771 759 832 arbitratus
780 773 827 843 ait,
850 771 998 830 Neronem
1017 767 1049 826 id
1067 785 1129 825 non
1147 785 1212 825 ease
1224 763 1452 837 intellecturum,

321 869 400 947 quod
413 869 451 928 ab
465 872 599 930 omnibus
613 870 733 949 reliquis
753 868 878 948 intelligi
891 877 1012 947 optaret
1054 861 1133 922 Mihi
1155 861 1279 945 quidem
1297 865 1452 924 verisimih

320 966 446 1036 videtur,
462 967 595 1027 Persium
608 966 646 1026 de
659 966 781 1042 edendis
794 965 888 1026 satiris
901 976 975 1036 tum,
989 981 1143 1044 quumcas
1157 961 1307 1030 scriberet,
1318 981 1357 1019 ne
1367 962 1450 1040 cogi·

319 1077 395 1127 tasse
409 1068 538 1149 quidem,
552 1089 655 1128 verum
668 1070 700 1127 in
712 1070 810 1128 auimo
822 1067 968 1140 habuere,
988 1064 1117 1145 aequiora
1128 1075 1265 1144 tempora
1276 1077 1447 1144 exspectare,

319 1176 354 1225 ut
366 1165 527 1237 luvenalis,
551 1178 586 1227 ut
599 1168 661 1246 ipse
674 1161 794 1227 Tacitus
807 1166 885 1237 iecit,
908 1167 960 1226 eod
978 1177 1073 1224 morte
1092 1164 1157 1243 ejus
1179 1177 1356 1242 praematura
1371 1163 1446 1222 illud

319 1259 393 1348 opus
416 1270 620 1348 imperfectum
633 1271 664 1328 iu
677 1271 836 1330 amicorum
857 1289 962 1328 manus
983 1267 1105 1334 venisse,
1119 1278 1154 1326 ut
1166 1264 1231 1344 ipse
1251 1265 1321 1326 vitae
1339 1277 1446 1334 auctor,

319 1365 452 1444 quisquis
466 1365 515 1424 ille
528 1367 646 1425 tandem
666 1367 712 1436 sit,
735 1377 866 1427 testatur.
909 1365 990 1439 Quid
1009 1364 1041 1422 hi
1061 1364 1239 1423 nemerim
1256 1363 1305 1422 vel
1325 1363 1446 1422 imnum

318 1462 415 1521 verint
428 1461 475 1521 vel
489 1463 701 1542 castigaverint,
714 1475 765 1523 aut
779 1463 898 1542 quando
910 1460 1012 1522 satiras
1024 1460 1089 1520 illas
1103 1461 1300 1538 vulgaverint,
1313 1460 1371 1538 ipo·
1383 1461 1445 1520 vim

318 1561 429 1620 auctori
453 1560 589 1640 ignotum
602 1562 691 1622 fuisse
705 1561 829 1622 videtur.
872 1555 959 1631 Quod
972 1560 1052 1620 enim
1064 1559 1145 1629 dicit,
1169 1559 1336 1618 Cornutum
1356 1575 1444 1616 onum

317 1677 435 1718 versum
455 1660 487 1717 in
506 1661 600 1738 prima
620 1661 707 1718 satira
718 1673 855 1728 mutasse,
875 1681 915 1719 ne
927 1679 998 1718 eum
1010 1658 1049 1716 ad
1061 1678 1093 1718 ee
1105 1656 1235 1715 traheret
1248 1657 1338 1728 Nero,
1347 1656 1372 1693 ¹⁸
1390 1667 1445 1715 tam

315 1760 475 1840 absurdum
493 1773 546 1832 est,
568 1773 602 1822 ut
614 1763 705 1822 mirer
715 1761 817 1831 fuisse,
836 1761 888 1841 qui
907 1759 1079 1840 hujusmodi
1099 1759 1172 1838 quid
1184 1758 1255 1818 serio
1266 1769 1442 1836 repeterent,

314 1881 369 1922 nec
392 1862 597 1942 intelligerent,
631 1885 669 1924 ex
691 1865 770 1923 varia
794 1863 932 1936 codicum
950 1862 1075 1922 lectione
1101 1863 1314 1937 gramatimm
1339 1863 1440 1921 nendo

315 1983 403 2040 quem
416 1962 492 2023 illud
506 1963 709 2024 somniasse.16

314 2085 316 2092 ·
357 2062 392 2120 In
405 2063 523 2122 morum
536 2061 879 2142 turpitudinacarpenda
890 2063 963 2122 dum
982 2072 1115 2124 versatur
1128 2061 1251 2132 Persius,
1269 2080 1315 2120 rea
1326 2061 1396 2120 adeo
1406 2063 1437 2120 ei

312 2161 438 2240 indigna
459 2173 547 2239 atque
567 2161 749 2220 intoleranda
769 2162 896 2240 videtur,
918 2151 961 2233 ut,
980 2161 1094 2241 judicio
1106 2181 1144 2220 ex
1156 2171 1258 2220 noatm
1269 2179 1355 2218 aman
1368 2159 1436 2232 lna,

313 2263 410 2324 verbis
424 2274 454 2322 et
467 2263 643 2322 dictionibus
656 2273 754 2322 utatur
767 2264 920 2332 obaooenie,
942 2265 1017 2322 etin
1028 2264 1123 2344 tropis
1141 2262 1303 2344 hgrrriaque
1316 2261 1438 2342 deligen-

313 2361 359 2421 dis
378 2381 496 2421 omnem
519 2361 640 2420 modum
653 2361 694 2420 ita
713 2361 845 2433 excedat,
866 2372 901 2420 ut
919 2362 1077 2432 interdum,
1099 2362 1174 2441 quid
1188 2361 1247 2420 sibi
1260 2361 1342 2430 velit,
1359 2361 1437 2440 piane

311 2465 482 2525 nesciamus.
522 2464 633 2542 Atque,
659 2464 683 2524 si
703 2484 765 2524 rem
786 2464 953 2525 adcuratins
976 2465 1203 2534 consideramus,
1227 2463 1355 2543 adparet,
1372 2485 1437 2524 eum

310 2585 370 2627 non
390 2566 440 2625 illa
459 2567 655 2640 abominanda
675 2566 825 2647 adtigisse,
847 2569 956 2647 quihus
978 2567 1112 2627 homines
1135 2577 1209 2627 mne
1231 2567 1338 2647 passim
1356 2581 1435 2627 erant

309 2667 506 2736 contaminati,
521 2666 572 2727 sed
586 2666 697 2727 leviora
709 2677 835 2739 tautum,
855 2679 886 2727 et
902 2670 965 2748 jam
984 2668 1109 2738 dudum,
1128 2668 1297 2745 presertim
1308 2667 1433 2727 addica-

308 2768 387 2838 tulis,
401 2788 483 2829 more
496 2758 621 2849 recepta,
642 2769 680 2828 ad
701 2770 881 2830 inmodicum
905 2771 1034 2849 corporis
1053 2769 1169 2829 cultum
1192 2770 1434 2851 effflnimamque

308 2868 460 2930 mollitiem
473 2870 578 2947 magis,
599 2890 687 2950 quam
701 2869 739 2927 ad
752 2888 869 2929 morum
888 2870 1038 2929 infamiam
1057 2869 1307 2949 voluptatumque
1317 2871 1432 2949 torpitu-

308 2972 408 3031 dinem
429 2973 596 3051 spectantia.
640 2972 747 3044 Quid?
771 2972 794 3030 si
807 2992 844 3031 ea
857 2973 1035 3051 castigasset,
1061 2994 1128 3052 quar
1148 2974 1299 3033 Juvenah'a
1316 2974 1429 3050 qudam·

308 3072 377 3132 dam
392 3073 463 3133 locis
477 3072 614 3151 exagitat,
629 3072 737 3151 quibus
749 3071 871 3132 taudem
885 3073 982 3133 verbis
1002 3094 1071 3133 eum
1091 3094 1219 3133 usurum
1237 3074 1427 3133 fuineeaiati·

305 3180 443 3235 memus?
473 3160 585 3235 Verum
599 3174 657 3233 illae
671 3172 823 3244 dictiones,
844 3195 917 3253 quaa
931 3176 1075 3250 adhibuit,
1089 3180 1188 3248 rebus,
1211 3196 1272 3256 qua
1282 3188 1426 3246 pomum,

305 3278 534 3340 adcommodatae
547 3289 624 3349 sunt,
638 3296 693 3336 nec
706 3276 766 3337 dici
780 3287 886 3357 potest,
908 3298 976 3337 eum
995 3278 1202 3357 indignatione
1215 3282 1359 3357 abreptum
1370 3279 1429 3337 rir-

304 3376 426 3454 gineum
446 3378 531 3438 illum
552 3378 705 3458 pudorem,
728 3396 817 3457 quem
838 3378 929 3457 ndgo
941 3377 984 3436 illi
997 3379 1173 3450 tribuerunt,
1199 3378 1321 3449 sauine,
1342 3398 1429 3457 quum

304 3474 355 3533 illa
366 3478 458 3536 verba
471 3488 543 3537 tune
559 3477 605 3536 vel
618 3498 636 3535 a
648 3476 716 3536 viris
729 3474 859 3537 honestis
873 3489 1094 3556 usurparenmr,
1114 3496 1173 3537 nec
1187 3478 1296 3540 cicero
1314 3478 1430 3538 erubue-

338 3656 356 3689 ¹⁶
369 3653 455 3716 Verba,
466 3672 522 3721 quse
532 3657 647 3723 leguntur
659 3660 707 3708 Set.
723 3660 745 3715 l,
754 3674 777 3705 r.
791 3662 852 3707 121:
888 3658 1044 3709 Craaubouua
1056 3658 1166 3718 monuit;
1185 3658 1300 3723 idum
1314 3660 1428 3717 ahiam,

306 3726 436 3773 Aureolos
445 3726 506 3772 otini
517 3726 587 3773 Mida
595 3741 636 3773 rer
645 3728 720 3782 isabel,
732 3733 811 3772 narrat
821 3724 854 3770 ri·
886 3739 967 3773 versus
976 3724 1031 3771 illua
1040 3722 1130 3773 deletos
1138 3723 1169 3773 ad
1179 3739 1271 3773 noram
1281 3724 1376 3773 mirata
1384 3741 1428 3787 pn·

303 3796 335 3835 tre
346 3794 427 3837 auctor
439 3788 572 3836 Comunim
583 3788 617 3837 ita
626 3790 682 3837 satis
692 3789 793 3837 aluurds
800 3802 856 3836 mu·
886 3787 985 3837 tinuim
994 3789 1128 3837 inchoatam
1139 3799 1236 3837 tannim
1252 3804 1300 3837 nac
1315 3789 1374 3837 dua
1384 3790 1429 3837 tet

303 3862 378 3902 tue:
397 3856 808 3915 Auriculatotiniquirnonhuhet.
884 3862 942 3902 tam.
979 3854 1192 3916 Addirpeateroa:
1210 3856 1426 3905 mmm

336 3916 354 3948 ¹⁶
373 3920 437 3967 Vita
457 3928 540 3967 auctor
561 3930 673 3980 praterea
694 3920 745 3966 hnc
765 3918 848 3967 habete
883 3922 1083 3975 ctt,rectePerrii
1091 3922 1178 3968 Ιῶηπι
1193 3922 1427 3969 touieimuaro

303 3986 380 4034 Hunc
395 3988 473 4048 ipsum
483 3986 570 4033 librum
580 3986 734 4050 inperfectum
752 3985 851 4047 reliquit·
885 3986 1016 4047 distingui,-
1036 3988 1062 4033 ia
1079 3986 1249 4049 απιὲφυὶπίπὺ
1267 3996 1348 4033 tam
1363 4002 1428 4033 m·

298 4052 392 4109 ,Verona
402 4052 476 4114 clipei
486 4052 573 4112 dempn
588 4059 645 4098 runt
655 4052 737 4099 ultimo
747 4050 807 4104 libri,
825 4057 852 4096 ut
884 4051 1389 4099 monotmuminenommu:
1404 4052 1426 4095 is

301 4118 368 4175 queri
380 4118 471 4179 finitur
492 4124 555 4163 emet.
598 4116 692 4163 Leviter
718 4115 852 4163 retractant
884 4116 965 4163 mallit
975 4118 1039 4164 enirn
1049 4116 1162 4163 mdicihat
1176 4116 1286 4178 quinque
1296 4118 1371 4164 aab
1380 4126 1427 4161 ιι·

304 4182 476 4226 commouet.
512 4179 553 4227 Sic
563 4181 614 4227 hrec
628 4179 727 4227 Reiaiua
737 4178 851 4236 erhihuit,
883 4197 918 4227 rc
927 4181 1427 4243 numatianqamtuodtertiuaradjmu·

302 4256 355 4303 qua
367 4243 435 4289 aliter
450 4243 514 4303 apud
530 4244 596 4303 alios,
615 4258 707 4306 semper
722 4253 804 4291 tamen
818 4242 853 4291 ita
882 4254 926 4291 ta.-
944 4248 971 4293 in
981 4247 1122 4307 quibusdan
1138 4248 1267 4293 osannam
1282 4255 1318 4293 a
1332 4248 1426 4293 mt-

300 4304 422 4369 leguntur,
442 4318 471 4354 ut
485 4308 568 4356 nullus
587 4324 669 4357 aerisue
680 4310 780 4357 idoneus
795 4308 852 4357 inde
883 4310 929 4367 her,
953 4312 1021 4357 nulla
1042 4312 1170 4359 oremus
1184 4310 1257 4373 saeta
1279 4312 1425 4358 draken

297 4370 351 4417 elici
370 4372 450 4430 possit.
487 4374 600 4421 Cetenrm
619 4376 664 4422 hoc
682 4375 715 4421 ita
733 4389 783 4421 non
799 4390 849 4421 aava
881 4378 942 4423 Sane
964 4377 1109 4424 Prhdonua
1135 4388 1206 4438 usqae
1226 4376 1269 4421 olii
1287 4378 1427 4435 gru-um

295 4435 546 4499 adcipiendum,qussi
557 4440 849 4487 nuncsatirosertaman-
880 4442 983 4502 antiqui,
992 4443 1082 4502 quoties
1095 4442 1204 4490 Persian
1218 4441 1330 4495 hadad,
1347 4442 1430 4489 librae·

292 4516 320 4549 ca
331 4500 367 4560 sit,
379 4516 433 4566 qun
445 4501 528 4565 procul
544 4502 618 4551 dubio
634 4503 725 4567 integra
736 4512 780 4561 est,
794 4504 846 4567 jam
880 4508 1073 4564 amiternum
1083 4506 1168 4561 minu
1179 4513 1315 4555 man.
