3100 5250
413 477 527 547 COM.
553 479 604 547 IN
626 481 730 552 JUV.
751 483 850 551 ssT.
876 481 934 550 VI.
1184 489 1243 550 189

92 651 250 714 montibus
274 673 436 735 eorumque
457 660 590 718 cavernis
613 659 756 721 hshitsns.
839 661 970 720 Sternere
996 679 1058 720 voc.
1083 679 1183 740 propr.
1206 661 1243 720 de

91 753 184 825 teoto,
200 755 285 817 uode
298 765 423 818 strstnne.
512 761 610 832 csinro,
625 757 718 842 pales,
734 765 880 826 stramine.
968 761 1243 844 pelliissserorum,

91 857 212 933 quihus
226 871 259 920 et
272 862 363 940 prisci
374 862 513 935 homines,
527 881 587 923 non
600 877 698 926 tamen
713 867 767 927 feri
783 868 880 928 adhuc
894 879 924 927 et
943 885 997 946 per
1018 864 1115 946 sylves
1135 887 1244 946 vogen·

90 971 148 1029 tes,
166 962 226 1041 qni
238 963 395 1024 fronditus
406 961 541 1044 foliisque
554 967 624 1028 tecti
636 969 682 1028 vel
697 970 771 1029 nudi
785 981 877 1040 erant,
888 969 941 1030 sed
950 970 1013 1050 jam
1024 968 1154 1030 mitiores
1164 969 1243 1041 iacti,

90 1064 317 1125 vestiehttutur.
358 1065 432 1135 Non,
447 1079 482 1127 ut
493 1067 592 1141 hodie,
606 1069 721 1132 culcitIs
741 1071 867 1151 plumeis
882 1072 930 1132 vel
948 1072 1086 1133 mollibus
1107 1072 1244 1151 coagulis

92 1175 208 1236 torrens,
222 1165 339 1239 Iectstm,
353 1169 528 1230 sternebant.
609 1172 912 1252 vicinorumserorum,
924 1193 990 1255 qno
1001 1173 1101 1234 erilem
1111 1173 1141 1234 in
1153 1174 1244 1254 sylvis

91 1271 128 1318 et
145 1262 244 1321 vicine
258 1263 546 1327 hehehentIstthnIo.
582 1267 699 1333 Ovium
722 1281 752 1330 et
765 1286 936 1350 caprorum:
958 1273 1034 1332 forte
1053 1271 1160 1332 melius
1183 1273 1243 1331 leo·

92 1381 172 1421 num
181 1375 216 1424 et
224 1357 381 1442 tigridum,
392 1377 427 1427 ut
440 1370 612 1430 ostendatur
621 1371 751 1450 priorum
763 1374 917 1434 hominum
925 1376 1034 1447 robur;
1049 1375 1124 1435 Ach.
1153 1383 1244 1446 7-9.

95 1463 210 1524 Mulier
223 1465 274 1524 iIIs
287 1479 429 1528 montem
441 1486 502 1529 non
515 1485 577 1532 etot
590 1471 687 1534 mollis
699 1486 731 1535 et
743 1473 876 1546 delitam,
900 1473 952 1536 sed
968 1473 1042 1536 durs
1062 1487 1092 1536 et
1114 1475 1242 1536 horrido.

97 1565 146 1624 Cf.
162 1567 278 1627 Lucret.
292 1568 332 1640 V,
348 1577 409 1639 923
424 1591 484 1652 seq.
568 1573 689 1654 Cynthio
703 1575 811 1655 puelle,
826 1599 844 1637 s
859 1574 1012 1656 Propertio
1031 1590 1136 1650 amau,
1157 1581 1243 1661 cujus

99 1677 205 1728 verum
217 1687 325 1729 nomen
341 1669 449 1733 Hostis
462 1683 533 1745 erat,
548 1685 578 1736 et
598 1697 666 1756 ques
687 1677 775 1737 modo
795 1679 876 1739 huuc
898 1679 987 1738 modo
1011 1675 1096 1739 illum
1119 1681 1243 1742 amabat

100 1789 129 1827 v.
146 1767 243 1832 Barth.
256 1772 290 1831 in
303 1769 385 1834 Edit.
403 1775 534 1854 Propert.
548 1797 578 1858 p
594 1777 761 1839 LXXVIII
782 1800 841 1861 seq.
863 1793 893 1841 ct
910 1781 977 1841 868.
993 1816 1033 1832 -·
1048 1789 1076 1840 8.
1098 1777 1244 1860 Designa-

97 1881 148 1931 tur
162 1871 275 1946 Lesbio,
290 1875 387 1936 amics
407 1875 516 1938 Catulli
536 1889 640 1958 poeto,
666 1901 733 1961 quos
756 1902 857 1962 propr.
879 1883 1002 1947 Clsudis
1025 1886 1192 1955 vocabatur,
1214 1897 1244 1944 et

99 1987 222 2038 mortem
240 1979 372 2058 passeris
391 1981 443 2041 diu
464 1977 651 2062 multumque
676 1979 810 2045 deflebat.
852 1983 898 2045 CI.
923 1983 1029 2046 Catuli·
1054 1980 1110 2056 III,
1138 1993 1185 2046 18.
1205 1987 1243 2045 cI.
1336 1980 1342 1988 ⁸

101 2073 230 2134 Martini·
244 2075 315 2148 VII,
332 2085 380 2136 13.
462 2077 544 2157 cnjus
556 2080 716 2150 exstinctus,
730 2095 876 2160 mortuus,
892 2105 1003 2163 pouer,
1017 2083 1048 2144 h.
1062 2105 1088 2144 e.
1102 2083 1150 2145 cui
1164 2103 1244 2144 mors

100 2177 229 2254 passeris
241 2177 337 2238 ocellos
348 2179 484 2252 turbauit,
497 2181 686 2254 contristavit,
702 2185 784 2264 quod
808 2187 930 2245 verbum
955 2208 974 2244 a
997 2183 1077 2245 coeio'
1090 2183 1138 2244 vel
1159 2185 1242 2255 meri,

105 2275 205 2335 ventis
228 2279 352 2347 turhoto,
373 2275 411 2337 sd
435 2277 566 2340 animum
590 2280 766 2362 vultumque
791 2285 976 2344 transfertur.
1017 2282 1062 2342 Cf.
1089 2283 1194 2342 Heius.
1214 2291 1245 2343 et

106 2371 219 2450 Heyne
233 2373 271 2432 cd
286 2373 445 2453 Virg.AEu.
461 2373 546 2446 VIII,
562 2383 631 2436 223.
674 2379 769 2438 Groec.
792 2380 912 2456 scrupeis
931 2377 1042 2450 ὄμματα
1066 2379 1245 2457 comparavit

103 2475 216 2556 Grsng.
299 2475 401 2550 ocellos,
415 2475 533 2551 blande,
549 2491 579 2540 et
599 2479 637 2538 de
657 2476 768 2558 pulcris
789 2480 892 2552 oculis,
917 2491 952 2541 ut
973 2502 1020 2560 sp.
1045 2480 1151 2540 catull.
1175 2479 1196 2538 l.
1217 2501 1242 2540 c.

100 2593 166 2636 mete
175 2575 280 2655 prete
293 2575 400 2637 fiendo
413 2577 549 2658 turgiduli
562 2577 659 2639 rubent
679 2577 766 2651 ocelli,
789 2591 819 2641 et
838 2579 875 2663 si.
897 2580 1013 2660 possin.
1028 2609 1070 2628 --
1083 2589 1112 2651 9.
1134 2579 1243 2641 Confer

100 2680 223 2739 omnino
235 2682 353 2759 egregia
365 2702 399 2743 ac
414 2680 527 2761 prolixo
540 2678 653 2743 dissert.
675 2683 814 2743 Favorini
836 2682 1003 2764 philosophi
1016 2702 1063 2763 ep.
1078 2681 1155 2742 Geil.
1170 2682 1241 2753 XII,

105 2784 132 2835 1.
147 2796 207 2857 qua
219 2779 320 2838 streties
333 2778 427 2838 nobili
441 2780 566 2851 feminee,
581 2792 616 2841 ut
634 2778 752 2851 liberos,
774 2799 849 2860 quos
871 2779 974 2859 perlat,
999 2799 1059 2839 non
1080 2781 1240 2849 nutricum,

101 2878 152 2939 secl
166 2878 308 2941 suolscte
320 2880 388 2942 alst
420 2882 503 2942 Idem
516 2882 693 2967 proecipiunt
708 2880 837 2942 Macrob.
848 2880 887 2954 V,
900 2890 947 2941 11.
962 2882 1039 2942 Plus
1053 2880 1130 2941 etal.
1187 2902 1241 2961 po·

99 2982 196 3053 torah,
211 3004 272 3043 non
287 2992 405 3043 tontum
420 2982 561 3063 sugenda,
575 2984 708 3062 adeoque
721 2980 810 3062 plens
821 2982 913 3045 luctis.
995 2980 1151 3063 isphntiistt
1163 3000 1243 3063 mog-

99 3082 149 3153 tu's,
169 3078 282 3143 adultis
294 3106 304 3154 ς
324 3102 386 3142 nou
406 3084 482 3143 enIm
504 3094 564 3144 tam
589 3084 657 3155 cito,
682 3094 717 3143 ut
736 3102 826 3157 nunc,
851 3084 1025 3144 arcebuntur
1047 3103 1065 3140 a
1087 3082 1242 3155 mammi83

97 3184 210 3265 Grang.
257 3184 318 3245 Alii
333 3182 399 3246 coll.
414 3186 481 3258 XV,
497 3184 545 3259 69.
560 3194 608 3254 70.
622 3198 653 3247 et
666 3187 783 3246 Lucret.
798 3183 836 3256 V,
856 3193 926 3256 925.
946 3184 1097 3264 epitheton
1113 3202 1149 3243 eo
1167 3182 1244 3244 reis·

97 3296 176 3353 runt,
191 3284 275 3363 quod
290 3283 394 3363 primis
409 3284 512 3344 seculis
527 3283 697 3361 grandiores
716 3280 778 3341 noti
798 3280 857 3341 sint
876 3281 1014 3340 inientes.
1027 3316 1069 3327 -
1085 3288 1131 3339 10.
1144 3278 1244 3339 ‘lorri-

97 3380 161 3439 dior
173 3378 306 3460 ingenio,
320 3394 350 3441 et
364 3380 395 3439 in
409 3383 489 3441 victu
504 3395 592 3460 etque
605 3380 732 3451 amictu3
753 3398 823 3448 non,
838 3390 873 3437 ut
886 3396 975 3448 nunc,
989 3378 1105 3437 mollior
1118 3388 1149 3439 et
1170 3378 1243 3438 deli·

101 3482 204 3543 catior.
266 3504 271 3515 ·
287 3484 413 3545 Glandes
425 3484 534 3565 aliique
548 3486 661 3545 tinctus
675 3485 813 3544 arborum
827 3493 857 3542 et
873 3482 1030 3543 herbarum
1051 3482 1139 3563 primi
1159 3494 1243 3543 ersru

100 3579 175 3638 cibi.
216 3580 289 3642 Piht
302 3582 374 3655 VII,
390 3583 437 3644 56.
453 3582 536 3644 XVI.
550 3602 596 3665 pr.
611 3584 693 3663 Virg.
709 3582 763 3642 Ge.
780 3580 805 3654 I,
820 3588 847 3641 8.
865 3588 933 3641 148.
1014 3590 1149 3653 ructante,
1171 3582 1242 3661 quis

99 3677 216 3737 multas
239 3680 355 3759 glsndes
379 3694 410 3742 et
433 3680 520 3743 avide
543 3680 678 3743 comedt
720 3676 913 3740 Delioctiores
936 3678 1060 3740 Romam
1086 3680 1243 3741 ructabant

98 3796 184 3847 sves,
198 3796 300 3856 aprum
313 3790 367 3839 oet.
377 3780 391 3818 ¹
403 3814 446 3828 -
460 3788 506 3838 11.
527 3780 627 3839 Verbo
639 3780 758 3839 Luci-et.
773 3776 811 3847 V,
826 3784 895 3847 905.

37 3950 41 3959 ι
145 3880 193 3935 12.
219 3884 261 3937 13.
281 3878 388 3939 Facete
401 3898 436 3939 sc
448 3896 501 3958 per
515 3877 606 3939 risum
620 3888 707 3959 poete
720 3888 863 3937 memoret
875 3876 989 3938 fabulas
1002 3878 1042 3938 de
1054 3877 1168 3955 origine
1188 3878 1241 3936 ho-

93 3978 222 4051 minum,
247 3992 277 4043 et
301 3982 372 4043 inde
396 3982 491 4058 docet,
515 4002 568 4044 cur
590 3980 694 4063 primis
715 3980 759 4041 illi
779 3981 962 4061 temporibus
982 3992 1061 4042 ceste
1080 3999 1115 4040 ec
1134 3980 1244 4059 pudice

91 4080 241 4151 vixerint;
261 4081 345 4161 quod
360 4080 421 4141 scii.
435 4080 544 4142 dorum
559 4082 656 4141 adhuc
677 4078 891 4158 horridumque
910 4076 1000 4138 fuerit
1020 4076 1173 4155 ingenium
1195 4098 1243 4137 eo-

91 4200 169 4255 rum,
185 4203 248 4242 non
269 4184 345 4243 quu
366 4194 548 4267 corruptum,
570 4184 710 4263 quodque
732 4182 807 4262 (neti
828 4182 888 4243 scii.
910 4202 927 4241 e
947 4182 1053 4240 robore
1069 4202 1090 4240 s.
1112 4191 1191 4240 terra
1214 4192 1244 4242 et

92 4281 170 4361 luto)
185 4282 323 4343 nondum
339 4282 486 4343 debuerint
502 4292 645 4364 parentes,
660 4282 869 4363 quilascivum
884 4279 956 4359 ipsis
970 4279 1143 4359 sanguinem
1164 4280 1243 4341 iufu-

93 4488 131 4535 'n
148 4489 222 4537 Vrec.
241 4488 274 4537 tt.
292 4488 324 4536 Ii.
341 4488 394 4545 III,
406 4496 431 4547 2,
443 4496 466 4538 ὅ.
482 4490 555 4541 Mart.
569 4490 618 4547 lx,
632 4496 670 4547 49,
683 4496 706 4538 8.
720 4499 743 4538 ct
754 4488 785 4538 nl.
798 4488 884 4537 Heius.
898 4486 928 4537 sd
941 4487 1013 4537 ovid.
1027 4487 1087 4537 Met.
1099 4452 1240 4547 xlvfsrt.
