3100 5250
260 441 476 509 MORIBUS
501 442 565 511 ET
587 439 844 509 SCRIBENDI
868 440 1072 509 GENERE.
1162 448 1226 507 609

100 620 374 700 quentiset'poesis,
387 619 716 699 qusmnoninusture
734 626 766 677 et
784 616 1106 697 inposicionem
1125 615 1158 677 in
1175 618 1227 679 ob·

99 716 246 779 martiis
267 717 375 780 artium
386 718 540 799 preceptis
552 719 676 799 positum
696 715 909 787 existimabant.
933 717 965 777 in
983 715 1110 795 pueriles
1131 714 1227 777 decla-

99 820 241 882 motiones
254 820 326 882 abiit
341 831 372 881 et
390 821 423 883 in
441 820 582 899 frigidum
595 832 749 900 troporum
768 830 799 881 et
818 820 980 897 ligustrum
995 817 1227 883 adhibenthrutu

98 918 264 981 artificium.
305 920 424 983 Judicio
441 921 504 981 reri
518 932 551 983 et
571 919 668 1001 pulcri
681 918 772 983 senei
785 929 937 998 conrupto,
960 916 1097 999 desedi
1111 938 1227 997 quoque

98 1018 227 1079 sudum
240 1019 395 1098 scriptores
408 1021 441 1079 in
452 1020 587 1081 neodem
599 1018 712 1090 inlexit,
732 1029 766 1078 ut
785 1036 845 1079 non
858 1017 968 1097 optima
987 1028 1112 1099 qusque
1125 1036 1228 1095 seque-

97 1133 206 1192 rentur,
230 1123 424 1203 exemplaque
444 1128 577 1184 setes-‘um
601 1123 778 1202 scriptorum
801 1120 942 1182 imitanda
954 1122 1008 1183 sibi
1022 1128 1227 1201 proponerent,

96 1246 200 1287 verum
220 1236 255 1287 ut
273 1247 309 1285 es
327 1226 702 1305 comminutamque
724 1224 907 1305 multitudini
921 1209 1123 1304 probarentur,
1149 1244 1227 1303 quiea

96 1350 154 1409 que
167 1328 200 1387 in
217 1348 326 1408 magns
343 1328 509 1410 frequentis
526 1329 695 1393 auditorum
706 1329 828 1403 rw
847 1326 988 1389 maximus
1008 1324 1228 1391 exclamationes

94 1428 273 1507 plausorque
285 1430 454 1509 excitarent.
480 1431 592 1508 'Neque
604 1438 675 1490 vero
686 1427 717 1499 ii,
728 1428 760 1487 in
772 1427 881 1506 quibus
894 1426 979 1487 altior
992 1426 1111 1505 spiritus
1126 1426 1228 1495 inerat,

95 1533 230 1598 inmunes
244 1540 328 1593 erant
339 1534 460 1611 qmnino
470 1533 509 1611 ab
522 1531 581 1591 illis
588 1531 676 1600 vitiis,
690 1551 757 1610 quoe
766 1530 856 1609 hujus
869 1529 963 1591 aetatis
971 1538 1083 1601 esseut3
1096 1528 1230 1609 plerique

95 1633 198 1710 rigore
210 1643 241 1693 et
253 1633 283 1693 vi
290 1633 429 1715 'destituti
441 1633 566 1695 eliorum
578 1630 710 1710 vesn'giit
722 1631 911 1703 misserunt,
935 1642 966 1693 et
978 1631 1009 1691 in
1022 1630 1230 1693 sententiarum

93 1729 178 1793 sario
195 1739 299 1792 ornatu
321 1728 456 1809 occupati
478 1726 654 1799 inventionis
675 1740 706 1792 et
727 1726 944 1809 compositionis
966 1727 1085 1787 landem
1108 1726 1229 1805 neglex-

94 1842 191 1892 munt

134 1936 311 1996 Erentssne
330 1934 382 1995 ills
400 1946 532 2015 tempore
551 1936 627 1997 nulli
645 1957 765 2014 poeseos
785 1936 887 2015 generi
906 1938 999 2015 magis
1012 1955 1102 2015 quum
1115 1934 1231 1999 satirico

92 2038 336 2107 adcommodata
357 2056 427 2096 nam
448 2058 564 2098 morum
584 2038 764 2116 corruptela,
785 2036 910 2099 luxurias
924 2050 954 2097 et
966 2037 1142 2116 profusionis
1154 2038 1230 2099 inss-

89 2134 143 2194 nia
158 2135 354 2211 vitiorumque
378 2134 472 2193 omnis
484 2135 600 2211 generis
613 2134 768 2201 inmanitas
788 2145 869 2196 tantu
883 2147 955 2205 erat,
976 2146 1010 2195 ut
1023 2134 1231 2212 contemplanti

89 2237 161 2295 haec
174 2233 292 2295 difficile
305 2246 390 2306 esset,
404 2235 522 2297 sauram
534 2254 595 2295 non
608 2234 743 2295 seribere.
784 2237 887 2315 Atque
900 2235 946 2297 his
960 2234 1140 2313 temporibus
1153 2235 1232 2293 vive·

87 2341 149 2399 bat
159 2337 248 2397 Aulus
255 2337 373 2397 Persius
387 2338 538 2408 roccum,
552 2351 639 2399 natus
651 2338 813 2409 Valeant,
822 2349 939 2403 vetusto
950 2336 1099 2397 Hetruriae
1113 2338 1232 2417 oppido,

89 2440 154 2499 sub
163 2437 290 2507 Tiberio,
298 2458 324 2500 e
335 2439 373 2499 U·
382 2457 408 2497 c.
417 2444 484 2505 787.
492 2437 568 2517 prid,
579 2458 647 2498 non.
657 2438 766 2499 Deobr.
773 2438 867 2497 Fabio
877 2438 1002 2510 Persico,
1011 2437 1106 2497 Lucio
1113 2436 1234 2513 Vitellio

91 2537 178 2595 Cosa
186 2533 209 2603 ⁶,
223 2535 351 2613 equestri
362 2556 480 2613 genere,
495 2536 637 2614 sanguine
650 2547 680 2597 et
692 2535 842 2596 adfinitate
854 2536 943 2615 primi
957 2536 1067 2597 ordinis
1081 2536 1151 2599 viris
1165 2556 1233 2595 con·

89 2635 225 2712 junctus.
267 2633 406 2697 Flaccum
425 2644 540 2713 petrem
558 2634 655 2696 amisit
673 2653 765 2694 annos
785 2635 846 2694 fere
866 2654 916 2694 sex
935 2645 1032 2696 natus.
1072 2635 1175 2714 Usque
1195 2633 1234 2696 sd

92 2734 308 2797 duodecimum
320 2737 413 2799 tetsfis
433 2756 543 2800 annum
558 2735 721 2798 volaterris
732 2737 847 2799 mansit
890 2736 969 2799 Tum
983 2737 1105 2798 Romam
1119 2737 1233 2798 delatus

92 2840 134 2900 sd
148 2839 315 2900 Elaeensium
328 2840 512 2900 Polemonem
525 2837 771 2920 grammaticum⁷
786 2851 816 2900 et
837 2839 990 2919 Virgitiam
1011 2839 1144 2900 Flaccum
1166 2840 1233 2900 rhe-

94 2943 221 3005 torem⁰.
262 2944 365 3004 Annos
384 2943 533 3007 sexdecim
552 2953 639 3008 nanus
651 2942 882 3022 indisciplinam
897 2943 978 3003 venit
991 2943 1091 3007 Annas·
1107 2943 1232 3016 Cornuti,

94 3112 651 3178 limmadndplimspusrmsigitpoednqus
714 3115 724 3143 ⁸
742 3113 897 3164 Cessiodonrs
918 3122 1001 3164 nutum
1019 3128 1075 3162 eum
1093 3112 1152 3161 dicit
1169 3127 1234 3162 anno

95 3178 211 3227 exercuit.
245 3179 311 3227 Suet.
334 3179 393 3227 Ner·
412 3183 450 3238 10,
469 3185 519 3239 523
541 3179 647 3228 Martini.
682 3179 874 3244 sequenti,qnod
884 3181 915 3227 ab
927 3179 1033 3227 Eusebio
1043 3179 1125 3228 forsan
1135 3187 1233 3227 mutus·

95 3243 210 3302 ΙΧΛΊ.
247 3244 342 3292 'ibes'
389 3259 536 3292 sersusnon
557 3244 651 3293 ultima
681 3252 783 3301 ωας
805 3243 990 3310 qaemridein
1010 3244 1100 3293 chron.
1121 3241 1152 3290 sd
1174 3258 1230 3292 uun.

94 3307 262 3369 notaepr‘oiert
365 3307 395 3357 sd
409 3309 502 3357 Lucan.
516 3308 573 3369 ΙΙΙ,
590 3315 645 3359 261.
680 3312 754 3360 2050.

95 3373 192 3419 Verum
207 3373 239 3421 ci.
257 3373 334 3422 Tacit.
349 3377 414 3422 dnn.
434 3375 567 3433 X1v,1s.
604 3375 649 3423 Ss-
712 3374 876 3422 'Rbemnins
889 3373 1120 3424 FennnsPtloemon
1129 3383 1232 3423 srstrto·

93 3437 167 3484 rbem
185 3453 280 3502 qnospss
300 3447 344 3487 snt
368 3453 464 3488 eumen
484 3438 584 3499 scripsit,
600 3455 649 3504 quo
681 3438 735 3490 bilis
744 3439 914 3502 gramman'cus
924 3449 1030 3502 tempore
1042 3439 1144 3489 Claudii.
1171 3439 1232 3488 Ver·

95 3501 213 3551 Clodium
223 3503 508 3562 Pollionemetsltsrnm,
517 3519 566 3568 quo
578 3505 650 3553 Μη-
680 3521 712 3552 ns
721 3512 793 3551 naurs
804 3504 883 3551 literas
898 3503 981 3553 didicit
1000 3519 1075 3569 quum
1086 3505 1232 3570 pedagogus

92 3567 166 3614 nium
185 3567 364 3626 Quinctisnum,
375 3567 476 3617 mollitia
493 3570 596 3630 corporis
611 3570 648 3617 in.
680 3578 749 3625 esset,
765 3568 852 3617 deiude
867 3569 1027 3618 manumissis
1040 3571 1125 3618 &mm
1143 3571 1233 3620 sloeuits

92 3634 194 3690 famam,
220 3633 363 3694 perstrinxit
406 3635 471 3681 Suet.
501 3634 596 3682 Domit.
622 3639 643 3682 1.
680 3635 858 3684 Erstomnibus
872 3637 934 3684 orins
949 3638 1053 3702 infames,
1068 3629 1232 3700 palonsprstei

98 3699 181 3747 Tacit.
194 3698 260 3746 Ano.
276 3699 337 3755 XV,
348 3705 388 3750 49.
425 3699 587 3754 Quamobrem
596 3699 645 3747 Ns-
682 3701 806 3748 itheriam
816 3715 869 3748 mas
880 3703 975 3754 Claudio
984 3703 1174 3766 predicantibus,
1188 3715 1233 3750 sse-t

93 3777 181 3811 renem
202 3765 233 3812 sb
250 3763 364 3813 Jussnoli
399 3762 447 3820 lv,
477 3768 532 3812 106.
554 3774 646 3812 tactum
669 3765 739 3813 mini
758 3767 840 3814 mimus
862 3769 1031 3816 institutionem
1048 3783 1178 3829 puerorum
1197 3770 1233 3814 osi

94 3837 186 3888 putant
201 3826 344 3890 interpretes.
672 3830 793 3892 jcmnsm
804 3833 1000 3882 committendam.
1036 3833 1145 3894 Capiebot
1157 3833 1232 3878 bosni-

124 3895 137 3922 ⁸
152 3893 227 3940 Persii
235 3893 313 3957 gentis
323 3893 408 3941 ntroin
420 3894 584 3942 Romanorum
594 3908 647 3942 mo·
680 3912 723 3944 stes
740 3909 796 3944 tssm
815 3900 926 3945 memorio
942 3914 1031 3955 mm,
1050 3907 1101 3945 tum
1110 3897 1232 3962 facilitate

93 3957 210 4005 nimentis
225 3960 316 4006 mentio
324 3959 357 4005 fit.
393 3958 512 4019 Teunpooe
521 3958 583 4006 belli·
596 3959 647 4006 Pu·
680 3963 807 4018 eatbam
825 3965 1004 4011 momeliam
1011 3963 1231 4026 pomarasaeiebot

94 4023 145 4068 nisi
156 4023 254 4070 usundi
265 4023 384 4073 dnsstt
395 4022 493 4072 florebat
506 4023 535 4072 C.
551 4023 648 4072 Persius
679 4036 824 4088 estempam.
856 4026 952 4074 Sueten.
966 4027 1063 4075 declar.
1074 4040 1175 4088 gramm.
1190 4031 1229 4074 93.

94 4087 194 4134 militari
220 4087 291 4137 lande
305 4089 456 4150 conspicuus.
494 4089 573 4138 Arinis
594 4097 648 4149 post
681 4089 842 4154 Quadrtgens
859 4107 939 4140 sunna
954 4107 984 4141 er
1003 4091 1083 4139 schola
1101 4091 1169 4152 cepit,
1186 4105 1231 4140 nec

93 4153 163 4200 bunc
173 4153 255 4214 ptnilo
264 4154 345 4201 missus
360 4163 458 4201 centum
473 4153 533 4202 aiter
545 4155 574 4203 C.
589 4155 648 4203 Per·
679 4155 762 4216 paullo
777 4157 859 4204 minus
875 4173 903 4205 ex
920 4173 946 4205 re
961 4156 1080 4215 familiari,
1097 4157 1167 4222 cnjus
1182 4165 1231 4205 eret

94 4216 147 4264 sius
157 4219 442 4267 nrbsnitstsatdootrina
452 4217 558 4283 insignis.
595 4217 646 4268 Cic.
679 4220 882 4284 diligentissimus.
919 4221 980 4271 Ibid.

93 4279 127 4328 de
139 4282 207 4330 Oret.
220 4284 258 4342 11,
271 4291 294 4334 6.
329 4285 422 4332 Verum
441 4283 543 4332 dubitari
560 4294 645 4346 potest,
709 4287 720 4314 ⁸
735 4289 855 4350 Virginius
867 4289 971 4337 Maccus
982 4288 1060 4336 rhetor
1070 4287 1116 4337 sub
1127 4287 1231 4352 Trajtnn

94 4346 180 4393 anilii
197 4347 228 4395 sd
245 4349 319 4397 nostri
338 4349 414 4397 Persii
432 4364 508 4413 genus
526 4349 646 4410 pertinue-
677 4359 787 4400 mortuus
807 4361 851 4401 est.
888 4353 986 4416 Scripsit
1004 4353 1035 4402 de
1053 4363 1103 4402 srte
1125 4351 1227 4401 dicendi.

95 4411 154 4458 rint
191 4412 288 4461 Mando
307 4429 404 4480 quoque
424 4413 453 4462 bt
473 4414 550 4462 Persii
571 4423 648 4476 poete
682 4415 766 4472 Quint
786 4417 847 4469 lust.
867 4417 923 4477 111,
938 4425 969 4480 ¹5
990 4418 1066 4470 Tacit.
1088 4421 1154 4468 Anu.
1170 4419 1230 4482 XV,

97 4475 250 4527 Pbotseends
259 4481 324 4543 spud
336 4479 429 4531 Pollnc.
438 4479 550 4530 inonom.
563 4478 614 4539 1x‚
621 4487 646 4530 6.
680 4485 719 4529 ⁷1.
