3100 5250
311 469 371 528 190
668 464 1060 532 COMMENTARIUS

308 637 415 707 derint,
430 639 475 698 veI
490 640 588 720 pravis
601 661 650 700 eos
664 641 805 722 exemplis
826 653 857 702 et
876 640 1049 700 educatione
1069 636 1283 698 enervaverInt.
1370 645 1463 714 rupto

308 736 404 797 robore
418 739 487 810 noti,
502 751 535 799 ut
552 739 627 798 Geor
639 740 729 802 uirum
743 741 851 802 truncia
863 749 889 799 et
902 741 974 799 duro
992 739 1089 799 robore
1112 747 1181 797 auto
1201 758 1250 816 ap.
1272 736 1358 816 Virg.
1383 736 1460 796 AEn.

308 834 399 907 VIII,
414 843 481 896 315.
496 838 547 897 ubi
562 859 589 896 v.
603 839 697 918 intpp.
712 841 763 919 qui
779 852 858 900 recte
875 840 939 919 jam
958 848 1146 908 monuerunt,
1165 837 1223 896 boe
1248 846 1459 895 commentum

309 938 377 998 inde
390 960 452 1000 ease
465 951 571 1010 ortum,
588 943 668 1020 quod
681 943 736 1002 feri
749 943 883 1002 homiues
895 941 975 1002 cavis
987 943 1123 1001 arbonem
1134 938 1250 1000 truncia
1262 938 1325 998 Ioco
1335 939 1454 998 redium

310 1053 441 1103 utuntur.
522 1053 605 1124 rupto
619 1044 723 1105 melius
737 1066 828 1125 quam
840 1045 912 1104 duro
924 1066 971 1124 ap.
986 1044 1070 1124 Virg.
1092 1043 1159 1122 (ubi
1172 1053 1203 1102 et
1224 1050 1308 1120 rupto
1328 1042 1359 1100 in
1379 1055 1453 1102 tert.

310 1140 446 1202 Rottend.
461 1142 537 1202 forte
550 1163 587 1202 ex
596 1153 696 1202 nostro
709 1142 799 1225 Ioco),
814 1154 848 1203 ut
860 1145 973 1204 roboris
986 1143 1069 1222 quasi
1083 1153 1187 1221 partus
1200 1139 1291 1201 simul
1303 1140 1453 1218 exprima-

310 1255 367 1315 tur,
382 1258 416 1305 ut
428 1265 475 1323 ap.
489 1245 578 1305 Ovid.
593 1247 667 1306 Met.
682 1247 722 1318 X,
738 1253 808 1306 512.
828 1246 922 1306 Arbor
934 1245 995 1326 ogit
1012 1245 1101 1304 rimae
1113 1252 1139 1303 et
1150 1245 1231 1319 fiseo
1243 1241 1349 1301 merae
1360 1241 1456 1298 ainau

310 1342 414 1402 Reddit
427 1363 520 1409 onan
543 1343 655 1424 Grang.
670 1381 711 1394 -
728 1353 774 1406 13.
797 1343 917 1406 11111111
937 1343 1051 1424 origine
1070 1341 1225 1402 hominum
1246 1361 1341 1421 eaque
1362 1341 1457 1398 notis-

310 1443 382 1503 eima
395 1444 495 1504 fabula
508 1457 693 1518 memoratur,
708 1447 746 1506 de
760 1467 819 1525 qua
833 1467 860 1504 v.
880 1447 919 1505 ad
940 1446 994 1518 IV,
1018 1452 1084 1506 133.
1127 1445 1209 1504 Hinc
1228 1442 1320 1503 homo
1339 1445 1354 1501 ὅ
1372 1445 1457 1512 «aab

312 1542 464 1624 Προμηθῆος
477 1555 597 1612 vocatur
610 1545 641 1603 in
656 1543 768 1604 callim.
783 1545 889 1623 fragm.
906 1549 954 1610 87.

354 1653 391 1704 14
406 1666 464 1724 seq.
497 1647 532 1704 In
546 1658 684 1726 argentea
697 1667 815 1726 quoque
829 1657 923 1714 ente,
939 1665 998 1725 qus
1011 1643 1131 1723 Jupiter
1143 1643 1291 1722 regnavit,
1305 1641 1350 1718 (v.
1362 1641 1454 1700 Ouid.

311 1744 382 1803 Met
400 1744 423 1813 Ι,
439 1752 495 1802 113
510 1765 569 1822 seq.
583 1756 614 1803 et
626 1744 736 1804 TibuII.
753 1745 778 1817 I,
794 1753 823 1815 3,
838 1753 878 1814 49
891 1747 966 1826 aeq.)
988 1755 1086 1804 sancte
1106 1742 1269 1802 etiamnum
1289 1760 1326 1800 ao
1344 1741 1456 1820 pudice

310 1841 448 1900 virerunt
461 1841 601 1912 homines,
623 1843 675 1902 sed
689 1843 792 1922 primis
814 1853 931 1902 tantum
952 1841 1016 1920 ejus
1040 1840 1243 1918 temporibua3
1264 1838 1343 1898 uude
1362 1850 1454 1916 poeta

310 1943 402 2002 facete
416 1953 446 2002 et
458 1943 531 2004 salse
544 1943 620 2003 dixit
632 1945 703 2005 Jove
716 1945 836 2004 troadam
859 1943 985 2013 barbato,
1011 1943 1109 2002 adhuc
1135 1943 1297 2020 impubere,
1315 1941 1453 2000 nondum

310 2039 411 2100 adulto
425 2051 455 2099 et
467 2041 552 2100 toties
565 2041 758 2102 adulterante.
801 2043 847 2100 Cf.
861 2062 889 2101 v.
905 2049 952 2112 59.
967 2054 998 2101 et
1010 2042 1049 2101 ad
1064 2040 1156 2112 XIII,
1173 2048 1221 2100 41.
1236 2052 1268 2098 et
1281 2045 1328 2100 58.

353 2137 479 2198 16-18.
501 2143 601 2208 Quum
614 2139 746 2200 homines
760 2140 858 2199 adhuc
868 2141 949 2219 juste
963 2139 1097 2230 viverent
1109 2157 1144 2196 ao
1157 2137 1220 2196 sine
1230 2137 1347 2207 fraude,
1355 2157 1452 2214 neque

309 2241 439 2319 perjuria
452 2252 481 2300 et
494 2241 573 2300 furta
585 2241 614 2300 h.
630 2263 655 2302 e.
670 2241 779 2302 scelera
793 2242 841 2322 yeI
860 2252 957 2302 essent
976 2261 1011 2300 ae
1031 2240 1173 2318 vigerent,
1196 2239 1243 2298 vel
1270 2240 1454 2299 timerentur.

314 2344 358 2396 18.
381 2337 498 2395 reuredum
516 2335 624 2396 Groeeis
635 2339 743 2416 jurare
758 2339 883 2418 paratis,
897 2349 932 2397 ut
945 2357 1033 2398 nunc
1075 2337 1152 2397 Haec
1171 2338 1262 2397 verba
1277 2337 1382 2426 uulgo,
1402 2357 1456 2398 nee

310 2439 386 2498 male
410 2439 556 2518 explicant
579 2440 617 2499 de
638 2441 760 2520 perfidia
783 2462 817 2501 ac
840 2441 986 2521 perjuriis,
1007 2463 1025 2499 a
1047 2441 1153 2522 quibus
1176 2459 1237 2500 non
1256 2440 1457 2500 adhorrebant

311 2563 406 2602 mores
420 2554 449 2602 et
463 2543 581 2620 ingenia
595 2543 777 2614 Graecorum,
792 2545 890 2625 qualia
910 2544 1117 2603 describuntur
1139 2543 1198 2614 ΙΙΙ,
1225 2550 1380 2603 58-125.
1405 2546 1456 2622 (of.

310 2642 348 2699 ad
363 2641 448 2711 XIV,
463 2645 548 2721 240.)
563 2653 592 2701 et
605 2642 715 2720 inpr.'a
728 2644 867 2703 Cicer.·in
881 2656 953 2704 orat.
967 2664 1022 2723 pro
1037 2644 1151 2703 Flacco.
1179 2644 1264 2702 1Non
1285 2655 1387 2703 tamen
1409 2664 1456 2703 ve·

311 2753 395 2812 teres,
411 2742 462 2802 aed
476 2743 597 2803 seriores
617 2754 732 2805 tantum
754 2745 853 2805 Graeci
874 2757 935 2804 tam
957 2745 1034 2805 male
1057 2746 1183 2806 audiisse
1206 2746 1367 2805 videntur:
1389 2767 1456 2805 nam

311 2841 380 2901 olim
398 2829 500 2901 Giaeco
522 2856 553 2901 et
574 2842 755 2921 Attieofidee
774 2843 822 2902 vel
846 2845 995 2923 proverbii
1016 2845 1081 2904 Ioco
1104 2845 1225 2925 optima,
1251 2846 1366 2905 Punico
1386 2830 1458 2905 vero

311 2942 458 3003 maledici
473 2943 613 3005 solebat³
656 2945 809 3005 Rubenius
830 2946 939 3023 (Elece
955 2949 996 3018 11,
1018 2947 1066 3008 26.
1086 2968 1118 3028 p.
1144 2951 1208 3028 Ida)
1233 2951 1325 3009 verba
1344 2949 1394 3007 iIIa
1414 2950 1456 3008 ad

311 3044 509 3107 adulationem
534 3048 689 3107 reserenda
717 3068 779 3110 esse
793 3049 917 3126 putabat
940 3050 1092 3131 notarique
1115 3050 1269 3110 Graeculoa
1291 3052 1353 3130 ejus
1383 3050 1454 3118 mvi,

312 3150 362 3229 qui
377 3152 484 3229 passim
498 3151 528 3210 in
546 3151 661 3231 maguis
682 3150 819 3211 domibus
842 3164 872 3211 et
894 3172 948 3231 per
973 3153 1095 3213 1111111111
1118 3153 1294 3235 geniumque
1316 3152 1382 3211 beri
1408 3153 1458 3210 sui

307 3250 480 3327 juraverint,
495 3251 631 3311 eumdem
645 3249 705 3310 scil.
720 3249 747 3309 ei
761 3250 913 3321 honorem,
929 3272 1016 3334 quem
1030 3252 1097 3311 Diis
1111 3263 1163 3312 aut
1181 3252 1319 3331 I'rIncipi¹
1338 3250 1457 3310 baben-

311 3356 363 3404 tes
406 3346 575 3407 Graecorum
590 3370 637 3408 ars
650 3347 790 3433 adulandi
804 3361 923 3409 notatur
944 3370 1010 3429 sup.
1033 3350 1094 3422 III,
1120 3358 1159 3414 86
1183 3372 1244 3430 seq.
1286 3350 1345 3409 Sed
1361 3352 1456 3409 verba

307 3454 415 3523 parato
427 3447 534 3522 jurare
547 3458 576 3507 et
586 3450 694 3526 jurare
710 3467 765 3526 per
779 3457 864 3527 caput
878 3448 1044 3508 altmuead
1058 3449 1208 3509 levitatem
1233 3444 1333 3529 potius
1357 3451 1389 3508 in
1407 3451 1458 3529 ju-

312 3546 404 3605 rando
417 3558 547 3624 spectare
560 3550 708 3609 videntur.
753 3550 844 3611 Recte
859 3552 970 3611 Seneca
983 3552 1021 3611 de
1044 3552 1160 3613 Consul.
1182 3554 1220 3612 ad
1245 3551 1338 3612 Heia.
1361 3574 1387 3612 o.
1412 3560 1457 3612 10.

201 3646 207 3657 “
312 3647 441 3725 Majores
455 3649 551 3719 nostri,
566 3650 671 3727 inquit,
688 3672 744 3731 per
753 3653 863 3729 fictiles
876 3654 940 3711 derra
960 3653 1087 3733 religione
1098 3654 1243 3732 jurabant
1267 3664 1304 3725 et,
1326 3654 1378 3734 qai
1397 3654 1459 3713 illos
1516 3695 1525 3710 .

312 3751 516 3821 invocaverant,
530 3751 570 3808 od
582 3751 683 3811 Ieortem
707 3755 846 3825 morituri,
869 3776 904 3814 ne
912 3754 1061 3833 fiilereut,
1086 3756 1224 3817 redibunt.
1266 3756 1327 3815 Sed
1347 3759 1457 3836 posteri

311 3872 422 3923 eorum,
437 3871 517 3911 more
537 3852 706 3913 Graecorum
729 3855 819 3934 hujus
839 3858 908 3927 reri,
931 3858 1061 3937 perjuria
1084 3880 1163 3938 saepe
1187 3860 1337 3919 faciebant
1362 3872 1404 3929 et,
1424 3870 1457 3917 ut

311 3968 430 4027 poenam
453 3968 553 4009 eorum
567 3950 738 4027 effugerent,
753 3971 813 4011 non
826 3972 880 4031 per
901 3952 981 4013 Deos
1002 3955 1151 4032 jurabant,
1173 3956 1225 4015 sed
1245 3975 1300 4033 per
1323 3955 1457 4015 homines

311 4068 471 4127 eorumque
484 4049 588 4127 capita,
602 4047 711 4118 oculos,
725 4070 799 4121 osea,
814 4050 952 4133 cirrerem,
965 4053 1164 4131 pergenium,
1187 4053 1338 4113 fortunam
1352 4055 1456 4114 vium-

312 4170 369 4225 que
382 4150 544 4220 homiuum,
559 4151 634 4229 inpr.
652 4152 877 4228 Imperatorum,
893 4151 983 4211 immo
996 4173 1110 4231 perrea
1131 4154 1303 4255 nonomodo
1324 4156 1411 4215 viena
1429 4168 1459 4215 et

344 4374 354 4401 ⁸
375 4386 397 4418 v.
422 4372 506 4421 Vellei.
534 4375 573 4433 ΙΙ,
596 4380 635 4422 9³.
656 4382 680 4421 et
706 4374 811 4423 Gronov.
836 4374 866 4423 ad
885 4375 965 4425 Plaut.
988 4376 1084 4425 Asum.
1112 4377 1135 4434 Ι,
1156 4384 1179 4435 3,
1197 4382 1237 4425 47.
1275 4377 1370 4427 Oooser
1394 4381 1465 4443 (3qu

312 4436 397 4491 litrrbt.
436 4436 515 4485 Briete
530 4439 559 4487 Ρ.
574 4438 611 4487 ΙΙ.
626 4454 648 4501 p.
665 4444 702 4487 27.

613 4544 627 4591 I
