<?xml version="1.0" encoding="UTF-8"?>
<!DOCTYPE html PUBLIC "-//W3C//DTD XHTML 1.0 Transitional//EN"
    "http://www.w3.org/TR/xhtml1/DTD/xhtml1-transitional.dtd">
<html xmlns="http://www.w3.org/1999/xhtml" xml:lang="en" lang="en">
 <head>
  <title>
</title>
<meta http-equiv="Content-Type" content="text/html;charset=utf-8" />
  <meta name='ocr-system' content='tesseract 3.04.00' />
  <meta name='ocr-capabilities' content='ocr_page ocr_carea ocr_par ocr_line ocrx_word'/>
</head>
<body>
  <div class='ocr_page' id='page_1' title='image "./djuniijuvenalis02persgoog_0323.png"; bbox 0 0 3100 5250; ppageno 0'>
   <div class='ocr_carea' id='block_1_1' title="bbox 316 394 1085 504">
    <p class='ocr_par' dir='ltr' id='par_1_1' title="bbox 316 394 1085 504">
     <span class='ocr_line' id='line_1_1' title="bbox 316 394 1085 504; baseline 0.004 -5"><span class='ocrx_word' id='word_1_1' title='bbox 316 440 380 501; x_wconf 80' lang='lat' dir='ltr'><strong>sis</strong></span> <span class='ocrx_word' id='word_1_2' title='bbox 413 394 418 409; x_wconf 82' lang='lat'>&#39;</span> <span class='ocrx_word' id='word_1_3' title='bbox 691 436 1085 504; x_wconf 75' lang='lat' dir='ltr'><strong>counrnrsnins</strong></span> 
     </span>
    </p>
   </div>
   <div class='ocr_carea' id='block_1_2' title="bbox 308 609 1519 4208">
    <p class='ocr_par' dir='ltr' id='par_1_2' title="bbox 308 609 1519 4208">
     <span class='ocr_line' id='line_1_2' title="bbox 316 609 1473 691; baseline 0 -20"><span class='ocrx_word' id='word_1_4' title='bbox 316 609 395 671; x_wconf 84' lang='lat' dir='ltr'><strong>unde</strong></span> <span class='ocrx_word' id='word_1_5' title='bbox 415 610 591 691; x_wconf 65' lang='lat' dir='ltr'><strong>Supronliiyrc</strong></span> <span class='ocrx_word' id='word_1_6' title='bbox 611 610 787 669; x_wconf 70' lang='lat' dir='ltr'><strong>insanientes</strong></span> <span class='ocrx_word' id='word_1_7' title='bbox 807 612 839 670; x_wconf 91' lang='lat' dir='ltr'><strong>in</strong></span> <span class='ocrx_word' id='word_1_8' title='bbox 858 612 948 689; x_wconf 83' lang='lat' dir='ltr'><strong>orgiis</strong></span> <span class='ocrx_word' id='word_1_9' title='bbox 968 613 1085 671; x_wconf 85' lang='lat' dir='ltr'><strong>Bacchi.</strong></span> <span class='ocrx_word' id='word_1_10' title='bbox 1127 613 1244 671; x_wconf 85' lang='lat' dir='ltr'><strong>Baccho</strong></span> <span class='ocrx_word' id='word_1_11' title='bbox 1263 624 1371 671; x_wconf 80' lang='lat' dir='ltr'><strong>antem</strong></span> <span class='ocrx_word' id='word_1_12' title='bbox 1386 632 1473 671; x_wconf 85' lang='lat' dir='ltr'><strong>com·</strong></span> 
     </span>
     <span class='ocr_line' id='line_1_3' title="bbox 315 710 1468 793; baseline 0.001 -24"><span class='ocrx_word' id='word_1_13' title='bbox 315 730 405 770; x_wconf 87' lang='lat' dir='ltr'><strong>mune</strong></span> <span class='ocrx_word' id='word_1_14' title='bbox 418 730 485 769; x_wconf 88' lang='lat' dir='ltr'><strong>cnm</strong></span> <span class='ocrx_word' id='word_1_15' title='bbox 501 710 640 790; x_wconf 84' lang='lat' dir='ltr'>Apolline</span> <span class='ocrx_word' id='word_1_16' title='bbox 658 710 790 771; x_wconf 79' lang='lat' dir='ltr'><strong>Parnassi</strong></span> <span class='ocrx_word' id='word_1_17' title='bbox 804 711 961 791; x_wconf 89' lang='lat' dir='ltr'><strong>imperium</strong></span> <span class='ocrx_word' id='word_1_18' title='bbox 975 725 1185 793; x_wconf 73' lang='lat' dir='ltr'>poetarumque</span> <span class='ocrx_word' id='word_1_19' title='bbox 1197 712 1295 771; x_wconf 78' lang='lat' dir='ltr'><strong>tutela</strong></span> <span class='ocrx_word' id='word_1_20' title='bbox 1307 724 1341 773; x_wconf 83' lang='lat' dir='ltr'><strong>ct</strong></span> <span class='ocrx_word' id='word_1_21' title='bbox 1351 712 1468 772; x_wconf 75' lang='lat' dir='ltr'><strong>mahu-</strong></span> 
     </span>
     <span class='ocr_line' id='line_1_4' title="bbox 316 812 1462 893; baseline -0.001 -20"><span class='ocrx_word' id='word_1_22' title='bbox 316 813 436 873; x_wconf 84' lang='lat' dir='ltr'><strong>siasmus</strong></span> <span class='ocrx_word' id='word_1_23' title='bbox 457 813 641 873; x_wconf 78' lang='lat' dir='ltr'><strong>tribuitur.¹⁶</strong></span> <span class='ocrx_word' id='word_1_24' title='bbox 733 812 903 892; x_wconf 72' lang='lat' dir='ltr'><em>Paupertas,</em></span> <span class='ocrx_word' id='word_1_25' title='bbox 932 835 1047 893; x_wconf 82' lang='lat' dir='ltr'>pauper</span> <span class='ocrx_word' id='word_1_26' title='bbox 1072 828 1166 893; x_wconf 81' lang='lat' dir='ltr'><strong>poeto.</strong></span> <span class='ocrx_word' id='word_1_27' title='bbox 1217 815 1274 873; x_wconf 75' lang='lat' dir='ltr'><strong>Cf.-</strong></span> <span class='ocrx_word' id='word_1_28' title='bbox 1288 814 1326 873; x_wconf 78' lang='lat' dir='ltr'><strong>ad</strong></span> <span class='ocrx_word' id='word_1_29' title='bbox 1350 835 1379 873; x_wconf 75' lang='lat' dir='ltr'><strong>r.</strong></span> <span class='ocrx_word' id='word_1_30' title='bbox 1410 823 1462 873; x_wconf 79' lang='lat'><strong>53.</strong></span> 
     </span>
     <span class='ocr_line' id='line_1_5' title="bbox 315 912 1462 995; baseline 0.003 -23"><span class='ocrx_word' id='word_1_31' title='bbox 315 933 397 983; x_wconf 80' lang='lat' dir='ltr'><strong>sono,</strong></span> <span class='ocrx_word' id='word_1_32' title='bbox 412 934 478 991; x_wconf 76' lang='lat' dir='ltr'><strong>quse</strong></span> <span class='ocrx_word' id='word_1_33' title='bbox 491 914 621 973; x_wconf 86' lang='lat' dir='ltr'><strong>furorem</strong></span> <span class='ocrx_word' id='word_1_34' title='bbox 635 912 793 993; x_wconf 86' lang='lat' dir='ltr'><strong>poeticum,</strong></span> <span class='ocrx_word' id='word_1_35' title='bbox 806 917 979 986; x_wconf 68' lang='grc' dir='ltr'><strong>ἐνθουσιασμὸν,</strong></span> <span class='ocrx_word' id='word_1_36' title='bbox 998 936 1058 975; x_wconf 85' lang='lat' dir='ltr'><strong>non</strong></span> <span class='ocrx_word' id='word_1_37' title='bbox 1071 917 1209 995; x_wconf 83' lang='lat' dir='ltr'><strong>concipit,</strong></span> <span class='ocrx_word' id='word_1_38' title='bbox 1231 936 1288 975; x_wconf 85' lang='lat' dir='ltr'><strong>nec</strong></span> <span class='ocrx_word' id='word_1_39' title='bbox 1299 918 1462 995; x_wconf 66' lang='lat' dir='ltr'><strong>mopere</strong></span> 
     </span>
     <span class='ocr_line' id='line_1_6' title="bbox 315 1015 1456 1098; baseline 0.001 -24"><span class='ocrx_word' id='word_1_40' title='bbox 315 1026 429 1093; x_wconf 80' lang='lat' dir='ltr'><strong>potest3</strong></span> <span class='ocrx_word' id='word_1_41' title='bbox 451 1036 516 1095; x_wconf 77' lang='lat' dir='ltr'><strong>quse</strong></span> <span class='ocrx_word' id='word_1_42' title='bbox 535 1036 595 1075; x_wconf 89' lang='lat' dir='ltr'><strong>non</strong></span> <span class='ocrx_word' id='word_1_43' title='bbox 608 1028 677 1092; x_wconf 86' lang='lat' dir='ltr'><strong>apta</strong></span> <span class='ocrx_word' id='word_1_44' title='bbox 689 1025 733 1074; x_wconf 85' lang='lat' dir='ltr'><strong>est</strong></span> <span class='ocrx_word' id='word_1_45' title='bbox 746 1015 839 1074; x_wconf 88' lang='lat' dir='ltr'><strong>furori</strong></span> <span class='ocrx_word' id='word_1_46' title='bbox 853 1017 1040 1098; x_wconf 74' lang='lat' dir='ltr'>sensibusque</span> <span class='ocrx_word' id='word_1_47' title='bbox 1053 1016 1224 1077; x_wconf 71' lang='lat' dir='ltr'><strong>celsioribus</strong></span> <span class='ocrx_word' id='word_1_48' title='bbox 1245 1018 1456 1095; x_wconf 76' lang='lat' dir='ltr'><strong>cmcipiendis</strong></span> 
     </span>
     <span class='ocr_line' id='line_1_7' title="bbox 317 1116 1459 1199; baseline 0.001 -24"><span class='ocrx_word' id='word_1_49' title='bbox 317 1116 413 1175; x_wconf 82' lang='lat' dir='ltr'><strong>Poetae</strong></span> <span class='ocrx_word' id='word_1_50' title='bbox 434 1127 531 1175; x_wconf 84' lang='lat' dir='ltr'><strong>sutem</strong></span> <span class='ocrx_word' id='word_1_51' title='bbox 551 1116 704 1195; x_wconf 89' lang='lat' dir='ltr'><strong>proprium</strong></span> <span class='ocrx_word' id='word_1_52' title='bbox 725 1126 769 1176; x_wconf 83' lang='lat' dir='ltr'><strong>est</strong></span> <span class='ocrx_word' id='word_1_53' title='bbox 789 1116 914 1175; x_wconf 76' lang='lat' dir='ltr'><strong>insanire</strong></span> <span class='ocrx_word' id='word_1_54' title='bbox 933 1138 967 1176; x_wconf 83' lang='lat' dir='ltr'><strong>ac</strong></span> <span class='ocrx_word' id='word_1_55' title='bbox 975 1116 1090 1197; x_wconf 73' lang='lat' dir='ltr'><strong>furere,</strong></span> <span class='ocrx_word' id='word_1_56' title='bbox 1105 1117 1279 1199; x_wconf 61' lang='grc' dir='ltr'><strong>ῥήωσιάζεη,</strong></span> <span class='ocrx_word' id='word_1_57' title='bbox 1303 1138 1322 1176; x_wconf 86' lang='lat' dir='ltr'><strong>s</strong></span> <span class='ocrx_word' id='word_1_58' title='bbox 1340 1116 1459 1176; x_wconf 71' lang='lat' dir='ltr'><strong>Boccho</strong></span> 
     </span>
     <span class='ocr_line' id='line_1_8' title="bbox 316 1216 1460 1297; baseline 0.003 -22"><span class='ocrx_word' id='word_1_59' title='bbox 316 1230 367 1277; x_wconf 82' lang='lat' dir='ltr'><strong>aut</strong></span> <span class='ocrx_word' id='word_1_60' title='bbox 382 1218 522 1297; x_wconf 79' lang='lat' dir='ltr'><strong>Apolline</strong></span> <span class='ocrx_word' id='word_1_61' title='bbox 533 1216 571 1277; x_wconf 86' lang='lat' dir='ltr'><strong>ad</strong></span> <span class='ocrx_word' id='word_1_62' title='bbox 585 1219 713 1277; x_wconf 80' lang='lat' dir='ltr'><strong>furorem</strong></span> <span class='ocrx_word' id='word_1_63' title='bbox 733 1229 764 1277; x_wconf 94' lang='lat' dir='ltr'><strong>et</strong></span> <span class='ocrx_word' id='word_1_64' title='bbox 782 1218 924 1278; x_wconf 75' lang='lat' dir='ltr'><strong>Insaniam</strong></span> <span class='ocrx_word' id='word_1_65' title='bbox 942 1220 1030 1297; x_wconf 77' lang='lat' dir='ltr'><strong>adigi</strong></span> <span class='ocrx_word' id='word_1_66' title='bbox 1072 1220 1206 1279; x_wconf 81' lang='lat' dir='ltr'><strong>Erclndit</strong></span> <span class='ocrx_word' id='word_1_67' title='bbox 1218 1240 1307 1278; x_wconf 76' lang='lat' dir='ltr'><strong>rum</strong></span> <span class='ocrx_word' id='word_1_68' title='bbox 1320 1218 1460 1278; x_wconf 75' lang='lat' dir='ltr'><strong>Helicone</strong></span> 
     </span>
     <span class='ocr_line' id='line_1_9' title="bbox 313 1314 1459 1397; baseline 0.002 -23"><span class='ocrx_word' id='word_1_69' title='bbox 313 1324 411 1395; x_wconf 80' lang='lat' dir='ltr'><strong>poetar</strong></span> <span class='ocrx_word' id='word_1_70' title='bbox 425 1314 609 1384; x_wconf 78' lang='lat' dir='ltr'><strong>Democritus,</strong></span> <span class='ocrx_word' id='word_1_71' title='bbox 624 1316 728 1375; x_wconf 83' lang='lat' dir='ltr'><strong>Horat.</strong></span> <span class='ocrx_word' id='word_1_72' title='bbox 743 1316 781 1373; x_wconf 90' lang='lat' dir='ltr'><strong>A.</strong></span> <span class='ocrx_word' id='word_1_73' title='bbox 796 1317 828 1373; x_wconf 88' lang='grc' dir='ltr'><strong>Ρ.</strong></span> <span class='ocrx_word' id='word_1_74' title='bbox 842 1316 912 1386; x_wconf 72' lang='grc'><strong>296.</strong></span> <span class='ocrx_word' id='word_1_75' title='bbox 925 1350 967 1364; x_wconf 91' lang='lat'>-</span> <span class='ocrx_word' id='word_1_76' title='bbox 980 1317 1028 1376; x_wconf 83' lang='lat'><strong>61.</strong></span> <span class='ocrx_word' id='word_1_77' title='bbox 1049 1338 1103 1396; x_wconf 78' lang='lat' dir='ltr'><strong>quo</strong></span> <span class='ocrx_word' id='word_1_78' title='bbox 1115 1337 1173 1376; x_wconf 73' lang='lat' dir='ltr'><strong>sere</strong></span> <span class='ocrx_word' id='word_1_79' title='bbox 1187 1326 1265 1376; x_wconf 82' lang='lat' dir='ltr'><strong>nocte</strong></span> <span class='ocrx_word' id='word_1_80' title='bbox 1282 1318 1385 1397; x_wconf 76' lang='lat' dir='ltr'><strong>dieque</strong></span> <span class='ocrx_word' id='word_1_81' title='bbox 1395 1337 1459 1376; x_wconf 85' lang='lat' dir='ltr'><strong>cor·</strong></span> 
     </span>
     <span class='ocr_line' id='line_1_10' title="bbox 315 1419 1457 1499; baseline 0.004 -24"><span class='ocrx_word' id='word_1_82' title='bbox 315 1438 370 1496; x_wconf 83' lang='lat' dir='ltr'><strong>pur</strong></span> <span class='ocrx_word' id='word_1_83' title='bbox 389 1426 459 1497; x_wconf 79' lang='lat' dir='ltr'><strong>eget,</strong></span> <span class='ocrx_word' id='word_1_84' title='bbox 480 1438 546 1497; x_wconf 76' lang='lat' dir='ltr'><strong>quse</strong></span> <span class='ocrx_word' id='word_1_85' title='bbox 568 1438 682 1496; x_wconf 89' lang='lat' dir='ltr'><strong>semper</strong></span> <span class='ocrx_word' id='word_1_86' title='bbox 702 1419 780 1477; x_wconf 80' lang='lat' dir='ltr'><strong>fame</strong></span> <span class='ocrx_word' id='word_1_87' title='bbox 799 1420 953 1478; x_wconf 85' lang='lat' dir='ltr'><strong>coniicitur</strong></span> <span class='ocrx_word' id='word_1_88' title='bbox 966 1431 997 1480; x_wconf 89' lang='lat' dir='ltr'><strong>et</strong></span> <span class='ocrx_word' id='word_1_89' title='bbox 1016 1430 1094 1479; x_wconf 76' lang='lat' dir='ltr'><strong>curet</strong></span> <span class='ocrx_word' id='word_1_90' title='bbox 1113 1421 1248 1499; x_wconf 82' lang='lat' dir='ltr'><strong>pecunia,</strong></span> <span class='ocrx_word' id='word_1_91' title='bbox 1270 1440 1332 1498; x_wconf 86' lang='lat' dir='ltr'><strong>qua</strong></span> <span class='ocrx_word' id='word_1_92' title='bbox 1354 1440 1457 1498; x_wconf 84' lang='lat' dir='ltr'><strong>parare</strong></span> 
     </span>
     <span class='ocr_line' id='line_1_11' title="bbox 315 1516 1456 1597; baseline 0.004 -23"><span class='ocrx_word' id='word_1_93' title='bbox 315 1518 416 1595; x_wconf 82' lang='lat' dir='ltr'><strong>possit,</strong></span> <span class='ocrx_word' id='word_1_94' title='bbox 442 1538 508 1595; x_wconf 84' lang='lat' dir='ltr'><strong>quae</strong></span> <span class='ocrx_word' id='word_1_95' title='bbox 532 1518 570 1575; x_wconf 82' lang='lat' dir='ltr'><strong>sd</strong></span> <span class='ocrx_word' id='word_1_96' title='bbox 595 1516 707 1575; x_wconf 89' lang='lat' dir='ltr'><strong>cultum</strong></span> <span class='ocrx_word' id='word_1_97' title='bbox 731 1518 901 1596; x_wconf 86' lang='lat' dir='ltr'><strong>victumque</strong></span> <span class='ocrx_word' id='word_1_98' title='bbox 925 1519 1121 1597; x_wconf 75' lang='lat' dir='ltr'><strong>suppeditent</strong></span> <span class='ocrx_word' id='word_1_99' title='bbox 1135 1519 1241 1579; x_wconf 70' lang='lat'><strong>-62</strong></span> <span class='ocrx_word' id='word_1_100' title='bbox 1269 1519 1340 1578; x_wconf 90' lang='lat' dir='ltr'><strong>Hoc</strong></span> <span class='ocrx_word' id='word_1_101' title='bbox 1362 1520 1456 1579; x_wconf 79' lang='lat' dir='ltr'><strong>facete</strong></span> 
     </span>
     <span class='ocr_line' id='line_1_12' title="bbox 315 1618 1454 1701; baseline 0.004 -24"><span class='ocrx_word' id='word_1_102' title='bbox 315 1618 427 1678; x_wconf 88' lang='lat' dir='ltr'><strong>dictum</strong></span> <span class='ocrx_word' id='word_1_103' title='bbox 441 1638 514 1697; x_wconf 72' lang='lat' dir='ltr'><strong>pros</strong></span> <span class='ocrx_word' id='word_1_104' title='bbox 535 1638 594 1677; x_wconf 91' lang='lat' dir='ltr'><strong>non</strong></span> <span class='ocrx_word' id='word_1_105' title='bbox 614 1638 727 1696; x_wconf 80' lang='lat' dir='ltr'><strong>pauper</strong></span> <span class='ocrx_word' id='word_1_106' title='bbox 740 1632 803 1678; x_wconf 85' lang='lat' dir='ltr'><strong>erat</strong></span> <span class='ocrx_word' id='word_1_107' title='bbox 817 1621 968 1690; x_wconf 87' lang='lat' dir='ltr'><strong>Horatius,</strong></span> <span class='ocrx_word' id='word_1_108' title='bbox 982 1620 1055 1689; x_wconf 70' lang='grc' dir='ltr'><strong><em>ἔνθεος</em></strong></span> <span class='ocrx_word' id='word_1_109' title='bbox 1067 1634 1098 1680; x_wconf 88' lang='lat' dir='ltr'><strong>et</strong></span> <span class='ocrx_word' id='word_1_110' title='bbox 1110 1621 1229 1681; x_wconf 86' lang='lat' dir='ltr'><strong>divinus</strong></span> <span class='ocrx_word' id='word_1_111' title='bbox 1241 1633 1340 1699; x_wconf 72' lang='lat' dir='ltr'><strong>poeta,</strong></span> <span class='ocrx_word' id='word_1_112' title='bbox 1359 1643 1454 1701; x_wconf 87' lang='lat' dir='ltr'><strong>quom</strong></span> 
     </span>
     <span class='ocr_line' id='line_1_13' title="bbox 314 1720 1450 1802; baseline 0.002 -23"><span class='ocrx_word' id='word_1_113' title='bbox 314 1721 463 1780; x_wconf 81' lang='lat' dir='ltr'><strong>excelsiori</strong></span> <span class='ocrx_word' id='word_1_114' title='bbox 484 1740 569 1780; x_wconf 87' lang='lat' dir='ltr'><strong>sensu</strong></span> <span class='ocrx_word' id='word_1_115' title='bbox 590 1720 749 1799; x_wconf 74' lang='lat' dir='ltr'><strong>phantasiae</strong></span> <span class='ocrx_word' id='word_1_116' title='bbox 769 1721 876 1799; x_wconf 90' lang='lat' dir='ltr'><strong>plenus</strong></span> <span class='ocrx_word' id='word_1_117' title='bbox 895 1726 1024 1781; x_wconf 86' lang='lat' dir='ltr'><strong>carmina</strong></span> <span class='ocrx_word' id='word_1_118' title='bbox 1046 1723 1187 1801; x_wconf 71' lang='lat' dir='ltr'><strong>preclara</strong></span> <span class='ocrx_word' id='word_1_119' title='bbox 1204 1723 1348 1793; x_wconf 83' lang='lat' dir='ltr'><strong>funderet,</strong></span> <span class='ocrx_word' id='word_1_120' title='bbox 1368 1724 1450 1802; x_wconf 85' lang='lat' dir='ltr'><strong>inpr.</strong></span> 
     </span>
     <span class='ocr_line' id='line_1_14' title="bbox 315 1817 1450 1899; baseline 0.003 -24"><span class='ocrx_word' id='word_1_121' title='bbox 315 1819 406 1896; x_wconf 86' lang='lat' dir='ltr'><strong>lyrica</strong></span> <span class='ocrx_word' id='word_1_122' title='bbox 427 1817 473 1877; x_wconf 86' lang='lat' dir='ltr'><strong>vel</strong></span> <span class='ocrx_word' id='word_1_123' title='bbox 493 1819 567 1877; x_wconf 77' lang='lat' dir='ltr'><strong>adeo</strong></span> <span class='ocrx_word' id='word_1_124' title='bbox 587 1818 801 1895; x_wconf 76' lang='lat' dir='ltr'><strong>dithyrambica</strong></span> <span class='ocrx_word' id='word_1_125' title='bbox 820 1820 1009 1880; x_wconf 82' lang='lat' dir='ltr'><strong>effrenatioris</strong></span> <span class='ocrx_word' id='word_1_126' title='bbox 1027 1820 1219 1879; x_wconf 84' lang='lat' dir='ltr'><strong>enthusiasmi</strong></span> <span class='ocrx_word' id='word_1_127' title='bbox 1235 1819 1331 1899; x_wconf 80' lang='lat' dir='ltr'><strong>plena,</strong></span> <span class='ocrx_word' id='word_1_128' title='bbox 1355 1820 1450 1899; x_wconf 72' lang='lat' dir='ltr'><strong>qunle</strong></span> 
     </span>
     <span class='ocr_line' id='line_1_15' title="bbox 315 1917 1448 1999; baseline 0.003 -24"><span class='ocrx_word' id='word_1_129' title='bbox 315 1928 359 1977; x_wconf 85' lang='lat' dir='ltr'><strong>est</strong></span> <span class='ocrx_word' id='word_1_130' title='bbox 381 1918 439 1979; x_wconf 90' lang='lat' dir='ltr'><strong>Od.</strong></span> <span class='ocrx_word' id='word_1_131' title='bbox 456 1917 498 1987; x_wconf 88' lang='lat'><strong>11,</strong></span> <span class='ocrx_word' id='word_1_132' title='bbox 522 1926 567 1987; x_wconf 88' lang='grc'><strong>19.</strong></span> <span class='ocrx_word' id='word_1_133' title='bbox 592 1936 661 1977; x_wconf 88' lang='lat' dir='ltr'><strong>nam</strong></span> <span class='ocrx_word' id='word_1_134' title='bbox 681 1918 745 1997; x_wconf 88' lang='lat' dir='ltr'><strong>ejus</strong></span> <span class='ocrx_word' id='word_1_135' title='bbox 765 1938 823 1977; x_wconf 86' lang='lat' dir='ltr'><strong>vss.</strong></span> <span class='ocrx_word' id='word_1_136' title='bbox 845 1926 863 1979; x_wconf 79' lang='lat'><em>5</em></span> <span class='ocrx_word' id='word_1_137' title='bbox 884 1940 944 1999; x_wconf 87' lang='lat' dir='ltr'><strong>seq.</strong></span> <span class='ocrx_word' id='word_1_138' title='bbox 965 1921 1128 1999; x_wconf 85' lang='lat' dir='ltr'><strong>respexisse</strong></span> <span class='ocrx_word' id='word_1_139' title='bbox 1149 1920 1258 1979; x_wconf 83' lang='lat' dir='ltr'><strong>videtur</strong></span> <span class='ocrx_word' id='word_1_140' title='bbox 1281 1919 1448 1991; x_wconf 73' lang='lat' dir='ltr'><strong>iuvenalis,</strong></span> 
     </span>
     <span class='ocr_line' id='line_1_16' title="bbox 315 2014 1446 2095; baseline 0 -22"><span class='ocrx_word' id='word_1_141' title='bbox 315 2014 562 2093; x_wconf 78' lang='lat' dir='ltr'><strong>quemadmodum</strong></span> <span class='ocrx_word' id='word_1_142' title='bbox 585 2034 654 2073; x_wconf 81' lang='lat' dir='ltr'><strong>mox</strong></span> <span class='ocrx_word' id='word_1_143' title='bbox 678 2036 706 2073; x_wconf 85' lang='lat' dir='ltr'><strong>v.</strong></span> <span class='ocrx_word' id='word_1_144' title='bbox 729 2014 768 2074; x_wconf 86' lang='lat'><strong>68</strong></span> <span class='ocrx_word' id='word_1_145' title='bbox 794 2036 856 2095; x_wconf 88' lang='lat' dir='ltr'><strong>seq.</strong></span> <span class='ocrx_word' id='word_1_146' title='bbox 880 2017 1048 2093; x_wconf 67' lang='lat' dir='ltr'><strong>prestantia</strong></span> <span class='ocrx_word' id='word_1_147' title='bbox 1069 2016 1204 2076; x_wconf 72' lang='lat' dir='ltr'><strong>minis</strong></span> <span class='ocrx_word' id='word_1_148' title='bbox 1223 2016 1375 2093; x_wconf 79' lang='lat' dir='ltr'><strong>Virgiliaoi</strong></span> <span class='ocrx_word' id='word_1_149' title='bbox 1405 2036 1446 2075; x_wconf 86' lang='lat' dir='ltr'><strong>ex</strong></span> 
     </span>
     <span class='ocr_line' id='line_1_17' title="bbox 315 2114 1446 2195; baseline 0.003 -20"><span class='ocrx_word' id='word_1_150' title='bbox 315 2115 434 2195; x_wconf 79' lang='lat' dir='ltr'><strong>egregie</strong></span> <span class='ocrx_word' id='word_1_151' title='bbox 447 2115 616 2175; x_wconf 85' lang='lat' dir='ltr'><strong>tractatione</strong></span> <span class='ocrx_word' id='word_1_152' title='bbox 635 2114 692 2175; x_wconf 88' lang='lat' dir='ltr'><strong>loci</strong></span> <span class='ocrx_word' id='word_1_153' title='bbox 712 2116 751 2175; x_wconf 89' lang='lat' dir='ltr'><strong>‹le</strong></span> <span class='ocrx_word' id='word_1_154' title='bbox 764 2117 869 2177; x_wconf 83' lang='lat' dir='ltr'><strong>Alecto</strong></span> <span class='ocrx_word' id='word_1_155' title='bbox 883 2118 985 2177; x_wconf 84' lang='lat' dir='ltr'><strong>Turno</strong></span> <span class='ocrx_word' id='word_1_156' title='bbox 1003 2118 1131 2177; x_wconf 86' lang='lat' dir='ltr'><strong>immissa</strong></span> <span class='ocrx_word' id='word_1_157' title='bbox 1146 2118 1217 2177; x_wconf 77' lang='lat' dir='ltr'><strong>AEn.</strong></span> <span class='ocrx_word' id='word_1_158' title='bbox 1228 2116 1302 2186; x_wconf 83' lang='lat' dir='ltr'><strong>Vll,</strong></span> <span class='ocrx_word' id='word_1_159' title='bbox 1316 2124 1371 2175; x_wconf 74' lang='lat'><strong>328</strong></span> <span class='ocrx_word' id='word_1_160' title='bbox 1385 2137 1446 2195; x_wconf 62' lang='grc' dir='ltr'><strong>ως.</strong></span> 
     </span>
     <span class='ocr_line' id='line_1_18' title="bbox 314 2218 1451 2304; baseline -0.001 -25"><span class='ocrx_word' id='word_1_161' title='bbox 314 2221 464 2297; x_wconf 79' lang='lat' dir='ltr'><strong>probetur.</strong></span> <span class='ocrx_word' id='word_1_162' title='bbox 505 2219 549 2277; x_wconf 90' lang='lat' dir='ltr'><strong>At</strong></span> <span class='ocrx_word' id='word_1_163' title='bbox 568 2218 715 2297; x_wconf 89' lang='lat' dir='ltr'><strong>quomodo</strong></span> <span class='ocrx_word' id='word_1_164' title='bbox 733 2218 782 2279; x_wconf 88' lang='lat' dir='ltr'><strong>his</strong></span> <span class='ocrx_word' id='word_1_165' title='bbox 802 2232 968 2298; x_wconf 77' lang='lat' dir='ltr'><strong>congruunt</strong></span> <span class='ocrx_word' id='word_1_166' title='bbox 988 2221 1055 2304; x_wconf 69' lang='lat' dir='ltr'><strong>ipsa</strong></span> <span class='ocrx_word' id='word_1_167' title='bbox 1069 2223 1160 2279; x_wconf 81' lang='lat' dir='ltr'><strong>verbe</strong></span> <span class='ocrx_word' id='word_1_168' title='bbox 1180 2220 1287 2278; x_wconf 73' lang='lat' dir='ltr'><strong>Horas</strong></span> <span class='ocrx_word' id='word_1_169' title='bbox 1301 2220 1395 2298; x_wconf 81' lang='lat' dir='ltr'><strong>Epist.</strong></span> <span class='ocrx_word' id='word_1_170' title='bbox 1408 2221 1451 2289; x_wconf 90' lang='lat' dir='ltr'><strong>Il,</strong></span> 
     </span>
     <span class='ocr_line' id='line_1_19' title="bbox 316 2317 1451 2397; baseline -0.001 -22"><span class='ocrx_word' id='word_1_171' title='bbox 316 2324 345 2387; x_wconf 74' lang='lat'><strong>2,</strong></span> <span class='ocrx_word' id='word_1_172' title='bbox 361 2318 508 2387; x_wconf 79' lang='lat'><strong>49-54?</strong></span> <span class='ocrx_word' id='word_1_173' title='bbox 550 2318 618 2375; x_wconf 90' lang='lat' dir='ltr'><strong>Nou</strong></span> <span class='ocrx_word' id='word_1_174' title='bbox 640 2318 717 2387; x_wconf 83' lang='lat' dir='ltr'><strong>satis,</strong></span> <span class='ocrx_word' id='word_1_175' title='bbox 737 2318 852 2397; x_wconf 83' lang='lat' dir='ltr'><strong>opinor,</strong></span> <span class='ocrx_word' id='word_1_176' title='bbox 872 2330 926 2389; x_wconf 89' lang='lat' dir='ltr'><strong>est,</strong></span> <span class='ocrx_word' id='word_1_177' title='bbox 947 2340 1015 2379; x_wconf 90' lang='lat' dir='ltr'><strong>cum</strong></span> <span class='ocrx_word' id='word_1_178' title='bbox 1034 2318 1188 2377; x_wconf 80' lang='lat' dir='ltr'><strong>Wielundo</strong></span> <span class='ocrx_word' id='word_1_179' title='bbox 1207 2318 1249 2377; x_wconf 81' lang='lat' dir='ltr'><strong>ad</strong></span> <span class='ocrx_word' id='word_1_180' title='bbox 1267 2318 1301 2376; x_wconf 83' lang='lat' dir='ltr'><strong>h.</strong></span> <span class='ocrx_word' id='word_1_181' title='bbox 1318 2317 1338 2375; x_wconf 81' lang='lat' dir='ltr'><strong>l</strong></span> <span class='ocrx_word' id='word_1_182' title='bbox 1359 2318 1396 2375; x_wconf 87' lang='grc' dir='ltr'><strong>Τ.</strong></span> <span class='ocrx_word' id='word_1_183' title='bbox 1412 2319 1451 2376; x_wconf 91' lang='lat'><strong>11.</strong></span> 
     </span>
     <span class='ocr_line' id='line_1_20' title="bbox 314 2418 1451 2500; baseline 0.002 -23"><span class='ocrx_word' id='word_1_184' title='bbox 314 2439 344 2496; x_wconf 91' lang='lat' dir='ltr'><strong>p.</strong></span> <span class='ocrx_word' id='word_1_185' title='bbox 362 2420 417 2479; x_wconf 71' lang='lat'><strong>162</strong></span> <span class='ocrx_word' id='word_1_186' title='bbox 435 2438 494 2497; x_wconf 91' lang='lat' dir='ltr'><strong>seq.</strong></span> <span class='ocrx_word' id='word_1_187' title='bbox 510 2418 627 2490; x_wconf 85' lang='lat' dir='ltr'><strong>dixisse,</strong></span> <span class='ocrx_word' id='word_1_188' title='bbox 647 2418 710 2479; x_wconf 80' lang='lat' dir='ltr'><strong>haec</strong></span> <span class='ocrx_word' id='word_1_189' title='bbox 724 2420 872 2498; x_wconf 78' lang='lat' dir='ltr'><strong>scripsisse</strong></span> <span class='ocrx_word' id='word_1_190' title='bbox 887 2422 1054 2493; x_wconf 85' lang='lat' dir='ltr'><strong>Horatium,</strong></span> <span class='ocrx_word' id='word_1_191' title='bbox 1075 2442 1168 2500; x_wconf 89' lang='lat' dir='ltr'><strong>quum</strong></span> <span class='ocrx_word' id='word_1_192' title='bbox 1179 2442 1266 2480; x_wconf 85' lang='lat' dir='ltr'><strong>mens</strong></span> <span class='ocrx_word' id='word_1_193' title='bbox 1280 2422 1310 2480; x_wconf 88' lang='lat' dir='ltr'><strong>ei</strong></span> <span class='ocrx_word' id='word_1_194' title='bbox 1323 2433 1385 2479; x_wconf 84' lang='lat' dir='ltr'><strong>atra</strong></span> <span class='ocrx_word' id='word_1_195' title='bbox 1396 2421 1451 2479; x_wconf 89' lang='lat' dir='ltr'><strong>bile</strong></span> 
     </span>
     <span class='ocr_line' id='line_1_21' title="bbox 315 2518 1450 2599; baseline 0.004 -24"><span class='ocrx_word' id='word_1_196' title='bbox 315 2532 394 2577; x_wconf 87' lang='lat' dir='ltr'><strong>mota</strong></span> <span class='ocrx_word' id='word_1_197' title='bbox 416 2530 498 2577; x_wconf 80' lang='lat' dir='ltr'><strong>essct.</strong></span> <span class='ocrx_word' id='word_1_198' title='bbox 554 2518 612 2575; x_wconf 88' lang='lat' dir='ltr'><strong>Sed</strong></span> <span class='ocrx_word' id='word_1_199' title='bbox 640 2530 734 2595; x_wconf 76' lang='lat' dir='ltr'><strong>pocta</strong></span> <span class='ocrx_word' id='word_1_200' title='bbox 758 2520 856 2579; x_wconf 72' lang='lat' dir='ltr'><strong>forsan</strong></span> <span class='ocrx_word' id='word_1_201' title='bbox 878 2521 909 2578; x_wconf 90' lang='lat' dir='ltr'><strong>in</strong></span> <span class='ocrx_word' id='word_1_202' title='bbox 932 2534 1060 2581; x_wconf 87' lang='lat' dir='ltr'><strong>mentem</strong></span> <span class='ocrx_word' id='word_1_203' title='bbox 1084 2522 1173 2590; x_wconf 87' lang='lat' dir='ltr'><strong>veuit,</strong></span> <span class='ocrx_word' id='word_1_204' title='bbox 1200 2521 1260 2580; x_wconf 82' lang='lat' dir='ltr'><strong>sibi</strong></span> <span class='ocrx_word' id='word_1_205' title='bbox 1286 2520 1450 2599; x_wconf 84' lang='lat' dir='ltr'><strong>exemplum</strong></span> 
     </span>
     <span class='ocr_line' id='line_1_22' title="bbox 318 2616 1448 2700; baseline 0.006 -25"><span class='ocrx_word' id='word_1_206' title='bbox 318 2616 433 2676; x_wconf 81' lang='lat' dir='ltr'><strong>Horatii</strong></span> <span class='ocrx_word' id='word_1_207' title='bbox 447 2616 556 2694; x_wconf 91' lang='lat' dir='ltr'><strong>opponi</strong></span> <span class='ocrx_word' id='word_1_208' title='bbox 571 2637 664 2694; x_wconf 87' lang='lat' dir='ltr'><strong>posse,</strong></span> <span class='ocrx_word' id='word_1_209' title='bbox 679 2618 727 2698; x_wconf 89' lang='lat' dir='ltr'><strong>qui</strong></span> <span class='ocrx_word' id='word_1_210' title='bbox 743 2639 855 2697; x_wconf 79' lang='lat' dir='ltr'><strong>pauper</strong></span> <span class='ocrx_word' id='word_1_211' title='bbox 868 2621 997 2698; x_wconf 88' lang='lat' dir='ltr'><strong>primum</strong></span> <span class='ocrx_word' id='word_1_212' title='bbox 1010 2621 1100 2682; x_wconf 86' lang='lat' dir='ltr'><strong>fuerit</strong></span> <span class='ocrx_word' id='word_1_213' title='bbox 1112 2622 1217 2700; x_wconf 76' lang='lat' dir='ltr'><strong>etipse</strong></span> <span class='ocrx_word' id='word_1_214' title='bbox 1230 2620 1251 2679; x_wconf 91' lang='lat' dir='ltr'><strong>l.</strong></span> <span class='ocrx_word' id='word_1_215' title='bbox 1266 2620 1288 2679; x_wconf 91' lang='lat' dir='ltr'><strong>l.</strong></span> <span class='ocrx_word' id='word_1_216' title='bbox 1304 2622 1448 2681; x_wconf 82' lang='lat' dir='ltr'><strong>confessos</strong></span> 
     </span>
     <span class='ocr_line' id='line_1_23' title="bbox 313 2717 1449 2798; baseline 0.005 -24"><span class='ocrx_word' id='word_1_217' title='bbox 313 2717 360 2783; x_wconf 83' lang='lat' dir='ltr'><strong>sit,</strong></span> <span class='ocrx_word' id='word_1_218' title='bbox 381 2737 412 2774; x_wconf 86' lang='lat' dir='ltr'><strong>se</strong></span> <span class='ocrx_word' id='word_1_219' title='bbox 432 2729 604 2794; x_wconf 86' lang='lat' dir='ltr'><strong>paupertate</strong></span> <span class='ocrx_word' id='word_1_220' title='bbox 623 2717 662 2774; x_wconf 84' lang='lat' dir='ltr'><strong>ad</strong></span> <span class='ocrx_word' id='word_1_221' title='bbox 682 2719 811 2778; x_wconf 81' lang='lat' dir='ltr'><strong>carmina</strong></span> <span class='ocrx_word' id='word_1_222' title='bbox 823 2721 976 2780; x_wconf 82' lang='lat' dir='ltr'><strong>scribenda</strong></span> <span class='ocrx_word' id='word_1_223' title='bbox 994 2721 1154 2798; x_wconf 87' lang='lat' dir='ltr'><strong>impulsum</strong></span> <span class='ocrx_word' id='word_1_224' title='bbox 1166 2721 1278 2790; x_wconf 85' lang='lat' dir='ltr'><strong>fnisse;</strong></span> <span class='ocrx_word' id='word_1_225' title='bbox 1300 2733 1337 2780; x_wconf 90' lang='lat' dir='ltr'><strong>ut</strong></span> <span class='ocrx_word' id='word_1_226' title='bbox 1356 2721 1449 2798; x_wconf 86' lang='lat' dir='ltr'><strong>itaque</strong></span> 
     </span>
     <span class='ocr_line' id='line_1_24' title="bbox 313 2814 1448 2897; baseline 0.004 -24"><span class='ocrx_word' id='word_1_227' title='bbox 313 2833 414 2873; x_wconf 84' lang='lat' dir='ltr'><strong>sensns</strong></span> <span class='ocrx_word' id='word_1_228' title='bbox 437 2814 466 2872; x_wconf 88' lang='lat' dir='ltr'><strong>h.</strong></span> <span class='ocrx_word' id='word_1_229' title='bbox 492 2814 513 2873; x_wconf 94' lang='lat' dir='ltr'><strong>l.</strong></span> <span class='ocrx_word' id='word_1_230' title='bbox 537 2815 584 2885; x_wconf 88' lang='lat' dir='ltr'><strong>sit,</strong></span> <span class='ocrx_word' id='word_1_231' title='bbox 610 2815 769 2876; x_wconf 89' lang='lat' dir='ltr'><strong>Horatium</strong></span> <span class='ocrx_word' id='word_1_232' title='bbox 789 2819 853 2897; x_wconf 86' lang='lat' dir='ltr'><strong>jam</strong></span> <span class='ocrx_word' id='word_1_233' title='bbox 877 2818 1049 2878; x_wconf 84' lang='lat' dir='ltr'><strong>liberalitate</strong></span> <span class='ocrx_word' id='word_1_234' title='bbox 1073 2819 1243 2879; x_wconf 75' lang='lat' dir='ltr'><strong>Maeoenstis</strong></span> <span class='ocrx_word' id='word_1_235' title='bbox 1267 2830 1300 2878; x_wconf 91' lang='lat' dir='ltr'><strong>et</strong></span> <span class='ocrx_word' id='word_1_236' title='bbox 1322 2821 1448 2897; x_wconf 79' lang='lat' dir='ltr'><strong>Augusti</strong></span> 
     </span>
     <span class='ocr_line' id='line_1_25' title="bbox 313 2917 1446 3001; baseline 0.002 -25"><span class='ocrx_word' id='word_1_237' title='bbox 313 2917 434 2976; x_wconf 80' lang='lat' dir='ltr'><strong>divitem</strong></span> <span class='ocrx_word' id='word_1_238' title='bbox 457 2917 567 2978; x_wconf 86' lang='lat' dir='ltr'><strong>factum</strong></span> <span class='ocrx_word' id='word_1_239' title='bbox 589 2939 660 2989; x_wconf 86' lang='lat' dir='ltr'><strong>esse,</strong></span> <span class='ocrx_word' id='word_1_240' title='bbox 683 2941 775 2996; x_wconf 88' lang='lat' dir='ltr'><strong>quum</strong></span> <span class='ocrx_word' id='word_1_241' title='bbox 800 2921 928 2998; x_wconf 88' lang='lat' dir='ltr'><strong>plurima</strong></span> <span class='ocrx_word' id='word_1_242' title='bbox 947 2923 1116 3001; x_wconf 87' lang='lat' dir='ltr'><strong>optimaque</strong></span> <span class='ocrx_word' id='word_1_243' title='bbox 1140 2922 1292 2999; x_wconf 83' lang='lat' dir='ltr'><strong>scripserit</strong></span> <span class='ocrx_word' id='word_1_244' title='bbox 1316 2923 1446 2982; x_wconf 78' lang='lat' dir='ltr'><strong>crimina</strong></span> 
     </span>
     <span class='ocr_line' id='line_1_26' title="bbox 314 3021 1445 3102; baseline 0.002 -23"><span class='ocrx_word' id='word_1_245' title='bbox 314 3022 434 3080; x_wconf 87' lang='lat' dir='ltr'><strong>Constat</strong></span> <span class='ocrx_word' id='word_1_246' title='bbox 453 3021 550 3085; x_wconf 79' lang='lat' dir='ltr'><strong>etiam,</strong></span> <span class='ocrx_word' id='word_1_247' title='bbox 572 3041 639 3080; x_wconf 89' lang='lat' dir='ltr'><strong>eum</strong></span> <span class='ocrx_word' id='word_1_248' title='bbox 660 3022 743 3080; x_wconf 89' lang='lat' dir='ltr'><strong>initio</strong></span> <span class='ocrx_word' id='word_1_249' title='bbox 764 3022 864 3100; x_wconf 89' lang='lat' dir='ltr'><strong>plures</strong></span> <span class='ocrx_word' id='word_1_250' title='bbox 884 3025 985 3083; x_wconf 86' lang='lat' dir='ltr'><strong>satiras</strong></span> <span class='ocrx_word' id='word_1_251' title='bbox 997 3025 1109 3093; x_wconf 80' lang='lat' dir='ltr'><strong>fecisse,</strong></span> <span class='ocrx_word' id='word_1_252' title='bbox 1127 3044 1218 3102; x_wconf 79' lang='lat' dir='ltr'><strong>quam</strong></span> <span class='ocrx_word' id='word_1_253' title='bbox 1232 3024 1314 3094; x_wconf 78' lang='lat' dir='ltr'><strong>odas,</strong></span> <span class='ocrx_word' id='word_1_254' title='bbox 1328 3044 1381 3083; x_wconf 87' lang='lat' dir='ltr'><strong>nec</strong></span> <span class='ocrx_word' id='word_1_255' title='bbox 1392 3023 1445 3081; x_wconf 91' lang='lat' dir='ltr'><strong>diu</strong></span> 
     </span>
     <span class='ocr_line' id='line_1_27' title="bbox 312 3119 1446 3200; baseline 0.004 -24"><span class='ocrx_word' id='word_1_256' title='bbox 312 3119 343 3176; x_wconf 91' lang='lat' dir='ltr'><strong>in</strong></span> <span class='ocrx_word' id='word_1_257' title='bbox 363 3127 490 3198; x_wconf 81' lang='lat' dir='ltr'><strong>egestate</strong></span> <span class='ocrx_word' id='word_1_258' title='bbox 511 3131 658 3178; x_wconf 85' lang='lat' dir='ltr'><strong>versatum</strong></span> <span class='ocrx_word' id='word_1_259' title='bbox 677 3139 757 3178; x_wconf 86' lang='lat' dir='ltr'><strong>esse:</strong></span> <span class='ocrx_word' id='word_1_260' title='bbox 778 3139 847 3178; x_wconf 85' lang='lat' dir='ltr'><strong>nam</strong></span> <span class='ocrx_word' id='word_1_261' title='bbox 866 3132 935 3180; x_wconf 87' lang='lat' dir='ltr'><strong>ante</strong></span> <span class='ocrx_word' id='word_1_262' title='bbox 954 3120 1093 3200; x_wconf 75' lang='lat' dir='ltr'><strong>proelium</strong></span> <span class='ocrx_word' id='word_1_263' title='bbox 1107 3121 1296 3200; x_wconf 70' lang='lat' dir='ltr'><strong>Philippense</strong></span> <span class='ocrx_word' id='word_1_264' title='bbox 1311 3141 1446 3199; x_wconf 65' lang='lat' dir='ltr'><strong>percum</strong></span> 
     </span>
     <span class='ocr_line' id='line_1_28' title="bbox 312 3219 1442 3301; baseline 0.002 -23"><span class='ocrx_word' id='word_1_265' title='bbox 312 3221 400 3280; x_wconf 82' lang='lat' dir='ltr'><strong>moda</strong></span> <span class='ocrx_word' id='word_1_266' title='bbox 421 3222 485 3300; x_wconf 84' lang='lat' dir='ltr'><strong>ejus</strong></span> <span class='ocrx_word' id='word_1_267' title='bbox 505 3241 539 3280; x_wconf 88' lang='lat' dir='ltr'><strong>ac</strong></span> <span class='ocrx_word' id='word_1_268' title='bbox 559 3219 713 3299; x_wconf 84' lang='lat' dir='ltr'><strong>splendido</strong></span> <span class='ocrx_word' id='word_1_269' title='bbox 732 3221 790 3281; x_wconf 81' lang='lat' dir='ltr'><strong>fuit</strong></span> <span class='ocrx_word' id='word_1_270' title='bbox 803 3221 873 3292; x_wconf 80' lang='lat' dir='ltr'><strong>vitu,</strong></span> <span class='ocrx_word' id='word_1_271' title='bbox 892 3233 923 3282; x_wconf 90' lang='lat' dir='ltr'><strong>et</strong></span> <span class='ocrx_word' id='word_1_272' title='bbox 939 3223 1002 3300; x_wconf 77' lang='lat' dir='ltr'><strong>jam</strong></span> <span class='ocrx_word' id='word_1_273' title='bbox 1015 3222 1142 3281; x_wconf 88' lang='lat' dir='ltr'><strong>triennio</strong></span> <span class='ocrx_word' id='word_1_274' title='bbox 1150 3235 1220 3301; x_wconf 86' lang='lat' dir='ltr'><strong>post</strong></span> <span class='ocrx_word' id='word_1_275' title='bbox 1233 3222 1262 3280; x_wconf 90' lang='lat' dir='ltr'><strong>in</strong></span> <span class='ocrx_word' id='word_1_276' title='bbox 1273 3222 1442 3281; x_wconf 68' lang='lat' dir='ltr'><strong>Mmmtis</strong></span> 
     </span>
     <span class='ocr_line' id='line_1_29' title="bbox 311 3324 1444 3403; baseline -0.002 -21"><span class='ocrx_word' id='word_1_277' title='bbox 311 3324 467 3383; x_wconf 83' lang='lat' dir='ltr'><strong>amicitiam</strong></span> <span class='ocrx_word' id='word_1_278' title='bbox 480 3336 614 3402; x_wconf 88' lang='lat' dir='ltr'><strong>receptus</strong></span> <span class='ocrx_word' id='word_1_279' title='bbox 627 3335 656 3382; x_wconf 87' lang='lat' dir='ltr'><strong>et</strong></span> <span class='ocrx_word' id='word_1_280' title='bbox 674 3343 711 3382; x_wconf 84' lang='lat' dir='ltr'><strong>ex</strong></span> <span class='ocrx_word' id='word_1_281' title='bbox 732 3343 861 3402; x_wconf 87' lang='lat' dir='ltr'><strong>paupere</strong></span> <span class='ocrx_word' id='word_1_282' title='bbox 874 3325 957 3384; x_wconf 82' lang='lat' dir='ltr'><strong>dives</strong></span> <span class='ocrx_word' id='word_1_283' title='bbox 971 3325 1066 3384; x_wconf 79' lang='lat' dir='ltr'><strong>frctus</strong></span> <span class='ocrx_word' id='word_1_284' title='bbox 1079 3337 1132 3384; x_wconf 76' lang='lat' dir='ltr'><strong>est</strong></span> <span class='ocrx_word' id='word_1_285' title='bbox 1173 3326 1220 3382; x_wconf 80' lang='lat' dir='ltr'><strong>Cf.</strong></span> <span class='ocrx_word' id='word_1_286' title='bbox 1234 3325 1272 3383; x_wconf 85' lang='lat' dir='ltr'><strong>ud</strong></span> <span class='ocrx_word' id='word_1_287' title='bbox 1289 3345 1318 3382; x_wconf 78' lang='lat' dir='ltr'><strong>v.</strong></span> <span class='ocrx_word' id='word_1_288' title='bbox 1332 3332 1373 3384; x_wconf 82' lang='grc'><strong>53</strong></span> <span class='ocrx_word' id='word_1_289' title='bbox 1385 3345 1444 3403; x_wconf 87' lang='lat' dir='ltr'><strong>seq.</strong></span> 
     </span>
     <span class='ocr_line' id='line_1_30' title="bbox 309 3422 1444 3500; baseline 0.002 -21"><span class='ocrx_word' id='word_1_290' title='bbox 309 3443 391 3500; x_wconf 86' lang='lat' dir='ltr'><strong>quum</strong></span> <span class='ocrx_word' id='word_1_291' title='bbox 414 3423 481 3481; x_wconf 84' lang='lat' dir='ltr'><strong>dicit</strong></span> <span class='ocrx_word' id='word_1_292' title='bbox 504 3425 584 3494; x_wconf 71' lang='lat' dir='ltr'><strong>Eua,</strong></span> <span class='ocrx_word' id='word_1_293' title='bbox 608 3425 638 3482; x_wconf 92' lang='lat' dir='ltr'><strong>in</strong></span> <span class='ocrx_word' id='word_1_294' title='bbox 665 3443 781 3482; x_wconf 85' lang='lat' dir='ltr'><strong>summo</strong></span> <span class='ocrx_word' id='word_1_295' title='bbox 800 3422 861 3485; x_wconf 89' lang='lat' dir='ltr'><strong>scil.</strong></span> <span class='ocrx_word' id='word_1_296' title='bbox 882 3424 1088 3493; x_wconf 86' lang='lat' dir='ltr'><strong>enthusiasmo,</strong></span> <span class='ocrx_word' id='word_1_297' title='bbox 1110 3424 1170 3483; x_wconf 88' lang='lat' dir='ltr'><strong>Od.</strong></span> <span class='ocrx_word' id='word_1_298' title='bbox 1186 3424 1230 3494; x_wconf 91' lang='lat'><strong>11,</strong></span> <span class='ocrx_word' id='word_1_299' title='bbox 1254 3433 1304 3495; x_wconf 85' lang='lat'><strong>19,</strong></span> <span class='ocrx_word' id='word_1_300' title='bbox 1323 3433 1354 3484; x_wconf 80' lang='grc'><strong>5.</strong></span> <span class='ocrx_word' id='word_1_301' title='bbox 1371 3434 1399 3491; x_wconf 85' lang='grc'><strong>7.</strong></span> <span class='ocrx_word' id='word_1_302' title='bbox 1419 3445 1444 3482; x_wconf 85' lang='lat' dir='ltr'><strong>v.</strong></span> 
     </span>
     <span class='ocr_line' id='line_1_31' title="bbox 312 3523 1444 3606; baseline 0.004 -25"><span class='ocrx_word' id='word_1_303' title='bbox 312 3523 434 3582; x_wconf 84' lang='lat' dir='ltr'><strong>Excurs.</strong></span> <span class='ocrx_word' id='word_1_304' title='bbox 457 3525 495 3582; x_wconf 85' lang='lat' dir='ltr'><strong>ad</strong></span> <span class='ocrx_word' id='word_1_305' title='bbox 518 3526 547 3582; x_wconf 91' lang='lat' dir='ltr'><strong>h.</strong></span> <span class='ocrx_word' id='word_1_306' title='bbox 568 3526 587 3582; x_wconf 93' lang='lat' dir='ltr'><strong>l.</strong></span> <span class='ocrx_word' id='word_1_307' title='bbox 611 3537 641 3584; x_wconf 90' lang='lat' dir='ltr'><strong>et</strong></span> <span class='ocrx_word' id='word_1_308' title='bbox 662 3527 755 3606; x_wconf 86' lang='lat' dir='ltr'><strong>intpp</strong></span> <span class='ocrx_word' id='word_1_309' title='bbox 778 3526 881 3604; x_wconf 83' lang='lat' dir='ltr'><strong>Eurip</strong></span> <span class='ocrx_word' id='word_1_310' title='bbox 902 3526 1008 3586; x_wconf 84' lang='lat' dir='ltr'><strong>Bacch.</strong></span> <span class='ocrx_word' id='word_1_311' title='bbox 1029 3548 1057 3586; x_wconf 78' lang='lat' dir='ltr'><strong>v.</strong></span> <span class='ocrx_word' id='word_1_312' title='bbox 1080 3535 1147 3584; x_wconf 79' lang='lat'>141.</span> <span class='ocrx_word' id='word_1_313' title='bbox 1199 3526 1249 3586; x_wconf 80' lang='grc'><strong>63.</strong></span> <span class='ocrx_word' id='word_1_314' title='bbox 1273 3527 1349 3595; x_wconf 70' lang='lat' dir='ltr'><strong>Quis</strong></span> <span class='ocrx_word' id='word_1_315' title='bbox 1369 3528 1444 3595; x_wconf 67' lang='lat' dir='ltr'><strong>acus,</strong></span> 
     </span>
     <span class='ocr_line' id='line_1_32' title="bbox 311 3621 1445 3702; baseline 0.005 -22"><span class='ocrx_word' id='word_1_316' title='bbox 311 3623 403 3699; x_wconf 86' lang='lat' dir='ltr'><strong>copia,</strong></span> <span class='ocrx_word' id='word_1_317' title='bbox 418 3621 549 3692; x_wconf 81' lang='lat' dir='ltr'><strong>facultas,</strong></span> <span class='ocrx_word' id='word_1_318' title='bbox 568 3622 678 3700; x_wconf 82' lang='lat' dir='ltr'><strong>ingenio</strong></span> <span class='ocrx_word' id='word_1_319' title='bbox 691 3625 854 3683; x_wconf 84' lang='lat' dir='ltr'><strong>exercendo</strong></span> <span class='ocrx_word' id='word_1_320' title='bbox 867 3645 902 3682; x_wconf 83' lang='lat' dir='ltr'><strong>sc</strong></span> <span class='ocrx_word' id='word_1_321' title='bbox 914 3625 1083 3702; x_wconf 88' lang='lat' dir='ltr'><strong>promendo.</strong></span> <span class='ocrx_word' id='word_1_322' title='bbox 1164 3644 1194 3685; x_wconf 80' lang='lat' dir='ltr'><strong>re</strong></span> <span class='ocrx_word' id='word_1_323' title='bbox 1206 3635 1320 3699; x_wconf 71' lang='lat' dir='ltr'><strong>mast,</strong></span> <span class='ocrx_word' id='word_1_324' title='bbox 1343 3645 1445 3686; x_wconf 69' lang='lat' dir='ltr'><strong>vaan-</strong></span> 
     </span>
     <span class='ocr_line' id='line_1_33' title="bbox 310 3723 1446 3805; baseline 0.005 -23"><span class='ocrx_word' id='word_1_325' title='bbox 310 3735 368 3793; x_wconf 89' lang='lat' dir='ltr'><strong>tur,</strong></span> <span class='ocrx_word' id='word_1_326' title='bbox 395 3723 553 3801; x_wconf 71' lang='lat' dir='ltr'><strong>agitantur,</strong></span> <span class='ocrx_word' id='word_1_327' title='bbox 581 3734 611 3783; x_wconf 89' lang='lat' dir='ltr'><strong>et</strong></span> <span class='ocrx_word' id='word_1_328' title='bbox 634 3723 690 3784; x_wconf 90' lang='lat' dir='ltr'><strong>hoc</strong></span> <span class='ocrx_word' id='word_1_329' title='bbox 719 3727 839 3804; x_wconf 81' lang='lat' dir='ltr'><strong>gravius</strong></span> <span class='ocrx_word' id='word_1_330' title='bbox 864 3747 955 3805; x_wconf 89' lang='lat' dir='ltr'><strong>quam</strong></span> <span class='ocrx_word' id='word_1_331' title='bbox 979 3726 1060 3804; x_wconf 81' lang='lat' dir='ltr'><strong>vulg.</strong></span> <span class='ocrx_word' id='word_1_332' title='bbox 1085 3739 1275 3804; x_wconf 84' lang='lat' dir='ltr'><strong>occupantur.</strong></span> <span class='ocrx_word' id='word_1_333' title='bbox 1334 3729 1446 3788; x_wconf 70' lang='lat' dir='ltr'><strong>doninis</strong></span> 
     </span>
     <span class='ocr_line' id='line_1_34' title="bbox 312 3825 1445 3906; baseline 0.002 -20"><span class='ocrx_word' id='word_1_334' title='bbox 312 3827 421 3886; x_wconf 81' lang='lat' dir='ltr'><strong>Cirrlroe</strong></span> <span class='ocrx_word' id='word_1_335' title='bbox 450 3825 596 3906; x_wconf 75' lang='lat' dir='ltr'><strong>Nyroeqae,</strong></span> <span class='ocrx_word' id='word_1_336' title='bbox 622 3829 660 3886; x_wconf 85' lang='lat' dir='ltr'><strong>ab</strong></span> <span class='ocrx_word' id='word_1_337' title='bbox 682 3827 822 3906; x_wconf 84' lang='lat' dir='ltr'><strong>Apolline</strong></span> <span class='ocrx_word' id='word_1_338' title='bbox 844 3839 875 3887; x_wconf 88' lang='lat' dir='ltr'><strong>et</strong></span> <span class='ocrx_word' id='word_1_339' title='bbox 895 3829 1020 3898; x_wconf 84' lang='lat' dir='ltr'><strong>Baccho,</strong></span> <span class='ocrx_word' id='word_1_340' title='bbox 1041 3829 1090 3887; x_wconf 80' lang='lat' dir='ltr'><strong>vel</strong></span> <span class='ocrx_word' id='word_1_341' title='bbox 1116 3849 1219 3888; x_wconf 89' lang='lat' dir='ltr'><strong>eorum</strong></span> <span class='ocrx_word' id='word_1_342' title='bbox 1248 3830 1396 3890; x_wconf 88' lang='lat' dir='ltr'><strong>instinctu</strong></span> <span class='ocrx_word' id='word_1_343' title='bbox 1419 3841 1445 3888; x_wconf 88' lang='lat' dir='ltr'><strong>et</strong></span> 
     </span>
     <span class='ocr_line' id='line_1_35' title="bbox 309 3925 1443 4007; baseline 0.004 -23"><span class='ocrx_word' id='word_1_344' title='bbox 309 3926 416 3998; x_wconf 85' lang='lat' dir='ltr'><strong>afflatu,</strong></span> <span class='ocrx_word' id='word_1_345' title='bbox 430 3925 579 4002; x_wconf 82' lang='lat' dir='ltr'><strong>seruntur,</strong></span> <span class='ocrx_word' id='word_1_346' title='bbox 603 3939 825 3987; x_wconf 86' lang='lat' dir='ltr'><strong>commoventur</strong></span> <span class='ocrx_word' id='word_1_347' title='bbox 847 3928 945 3986; x_wconf 87' lang='lat' dir='ltr'><strong>animo</strong></span> <span class='ocrx_word' id='word_1_348' title='bbox 964 3926 1012 3986; x_wconf 85' lang='lat' dir='ltr'><strong>vel</strong></span> <span class='ocrx_word' id='word_1_349' title='bbox 1036 3925 1068 3984; x_wconf 91' lang='lat' dir='ltr'><strong>in</strong></span> <span class='ocrx_word' id='word_1_350' title='bbox 1087 3927 1217 3985; x_wconf 79' lang='lat' dir='ltr'><strong>furorem</strong></span> <span class='ocrx_word' id='word_1_351' title='bbox 1239 3929 1443 4007; x_wconf 86' lang='lat' dir='ltr'><strong>conjiciuntur.</strong></span> 
     </span>
     <span class='ocr_line' id='line_1_36' title="bbox 309 4021 1442 4104; baseline 0.009 -26"><span class='ocrx_word' id='word_1_352' title='bbox 309 4021 393 4080; x_wconf 79' lang='lat' dir='ltr'><strong>Fem‘</strong></span> <span class='ocrx_word' id='word_1_353' title='bbox 412 4034 442 4082; x_wconf 90' lang='lat' dir='ltr'><strong>et</strong></span> <span class='ocrx_word' id='word_1_354' title='bbox 461 4023 510 4102; x_wconf 83' lang='lat' dir='ltr'><strong>agi</strong></span> <span class='ocrx_word' id='word_1_355' title='bbox 529 4023 677 4093; x_wconf 88' lang='lat' dir='ltr'><strong>dicuntur,</strong></span> <span class='ocrx_word' id='word_1_356' title='bbox 698 4025 750 4104; x_wconf 86' lang='lat' dir='ltr'><strong>qui</strong></span> <span class='ocrx_word' id='word_1_357' title='bbox 770 4025 860 4082; x_wconf 82' lang='lat' dir='ltr'><strong>nimis</strong></span> <span class='ocrx_word' id='word_1_358' title='bbox 879 4024 969 4083; x_wconf 87' lang='lat' dir='ltr'><strong>animi</strong></span> <span class='ocrx_word' id='word_1_359' title='bbox 990 4025 1183 4084; x_wconf 88' lang='lat' dir='ltr'><strong>commotione</strong></span> <span class='ocrx_word' id='word_1_360' title='bbox 1203 4027 1290 4102; x_wconf 84' lang='lat' dir='ltr'><strong>quasi</strong></span> <span class='ocrx_word' id='word_1_361' title='bbox 1310 4026 1442 4088; x_wconf 71' lang='lat' dir='ltr'><strong>exoeoeti</strong></span> 
     </span>
     <span class='ocr_line' id='line_1_37' title="bbox 308 4125 1519 4208; baseline 0.007 -28"><span class='ocrx_word' id='word_1_362' title='bbox 308 4125 449 4196; x_wconf 86' lang='lat' dir='ltr'><strong>nesciunt,</strong></span> <span class='ocrx_word' id='word_1_363' title='bbox 472 4126 544 4204; x_wconf 87' lang='lat' dir='ltr'><strong>quid</strong></span> <span class='ocrx_word' id='word_1_364' title='bbox 566 4139 664 4206; x_wconf 76' lang='lat' dir='ltr'><strong>agant,</strong></span> <span class='ocrx_word' id='word_1_365' title='bbox 689 4138 719 4185; x_wconf 88' lang='lat' dir='ltr'><strong>et</strong></span> <span class='ocrx_word' id='word_1_366' title='bbox 741 4127 788 4186; x_wconf 89' lang='lat' dir='ltr'><strong>vel</strong></span> <span class='ocrx_word' id='word_1_367' title='bbox 811 4127 895 4187; x_wconf 78' lang='lat' dir='ltr'><strong>caecis</strong></span> <span class='ocrx_word' id='word_1_368' title='bbox 917 4127 965 4186; x_wconf 79' lang='lat' dir='ltr'><strong>vel</strong></span> <span class='ocrx_word' id='word_1_369' title='bbox 990 4127 1156 4186; x_wconf 84' lang='lat' dir='ltr'><strong>furentibus</strong></span> <span class='ocrx_word' id='word_1_370' title='bbox 1177 4125 1288 4186; x_wconf 83' lang='lat' dir='ltr'><strong>similes</strong></span> <span class='ocrx_word' id='word_1_371' title='bbox 1311 4127 1441 4208; x_wconf 68' lang='lat' dir='ltr'><strong>agunt²²</strong></span> <span class='ocrx_word' id='word_1_372' title='bbox 1518 4156 1519 4163; x_wconf 48' lang='lat'>¹</span> 
     </span>
    </p>
   </div>
   <div class='ocr_carea' id='block_1_3' title="bbox 310 4325 1519 4448">
    <p class='ocr_par' dir='ltr' id='par_1_3' title="bbox 310 4325 1519 4448">
     <span class='ocr_line' id='line_1_38' title="bbox 310 4325 1519 4448; baseline 0.002 -72"><span class='ocrx_word' id='word_1_373' title='bbox 310 4325 357 4437; x_wconf 53' lang='grc' dir='ltr'><strong>οἱ</strong></span> <span class='ocrx_word' id='word_1_374' title='bbox 368 4325 411 4446; x_wconf 54' lang='lat' dir='ltr'><strong>fil</strong></span> <span class='ocrx_word' id='word_1_375' title='bbox 420 4327 455 4448; x_wconf 54' lang='lat' dir='ltr'><strong>:g</strong></span> <span class='ocrx_word' id='word_1_376' title='bbox 467 4344 491 4438; x_wconf 81' lang='lat' dir='ltr'><strong>l</strong></span> <span class='ocrx_word' id='word_1_377' title='bbox 499 4337 536 4380; x_wconf 72' lang='grc'><strong>29.</strong></span> <span class='ocrx_word' id='word_1_378' title='bbox 547 4341 571 4378; x_wconf 85' lang='lat' dir='ltr'><strong>ot</strong></span> <span class='ocrx_word' id='word_1_379' title='bbox 583 4330 713 4380; x_wconf 77' lang='lat' dir='ltr'><strong>Mitscherl.</strong></span> <span class='ocrx_word' id='word_1_380' title='bbox 727 4329 757 4376; x_wconf 87' lang='lat' dir='ltr'><strong>ud</strong></span> <span class='ocrx_word' id='word_1_381' title='bbox 772 4331 856 4380; x_wconf 85' lang='lat' dir='ltr'><strong>llorat.</strong></span> <span class='ocrx_word' id='word_1_382' title='bbox 891 4332 943 4444; x_wconf 44' lang='lat' dir='ltr'><strong>ug·</strong></span> <span class='ocrx_word' id='word_1_383' title='bbox 955 4347 976 4378; x_wconf 82' lang='lat' dir='ltr'><strong>r.</strong></span> <span class='ocrx_word' id='word_1_384' title='bbox 997 4333 1081 4382; x_wconf 75' lang='lat' dir='ltr'><strong>Burm-</strong></span> <span class='ocrx_word' id='word_1_385' title='bbox 1100 4330 1131 4381; x_wconf 76' lang='lat' dir='ltr'><strong>ul</strong></span> <span class='ocrx_word' id='word_1_386' title='bbox 1148 4330 1221 4380; x_wconf 81' lang='lat' dir='ltr'><strong>oud.</strong></span> <span class='ocrx_word' id='word_1_387' title='bbox 1239 4331 1288 4393; x_wconf 77' lang='lat' dir='ltr'><strong>Ep.</strong></span> <span class='ocrx_word' id='word_1_388' title='bbox 1305 4331 1371 4380; x_wconf 81' lang='lat' dir='ltr'><strong>Her.</strong></span> <span class='ocrx_word' id='word_1_389' title='bbox 1387 4331 1443 4382; x_wconf 78' lang='lat' dir='ltr'><strong>XV.</strong></span> <span class='ocrx_word' id='word_1_390' title='bbox 1518 4358 1519 4367; x_wconf 30' lang='grc' dir='ltr'><strong>κ</strong></span> 
     </span>
    </p>
   </div>
   <div class='ocr_carea' id='block_1_4' title="bbox 0 0 1554 5250">
    <p class='ocr_par' dir='ltr' id='par_1_4' title="bbox 0 0 1554 5250">
     <span class='ocr_line' id='line_1_39' title="bbox 0 0 1554 5250; baseline 0 2"><span class='ocrx_word' id='word_1_391' title='bbox 0 0 1554 5250; x_wconf 95' lang='lat' dir='ltr'><strong> </strong></span> 
     </span>
    </p>
   </div>
  </div>
 </body>
</html>
