<?xml version="1.0" encoding="UTF-8"?>
<!DOCTYPE html PUBLIC "-//W3C//DTD XHTML 1.0 Transitional//EN"
    "http://www.w3.org/TR/xhtml1/DTD/xhtml1-transitional.dtd">
<html xmlns="http://www.w3.org/1999/xhtml" xml:lang="en" lang="en">
 <head>
  <title>
</title>
<meta http-equiv="Content-Type" content="text/html;charset=utf-8" />
  <meta name='ocr-system' content='tesseract 3.04.00' />
  <meta name='ocr-capabilities' content='ocr_page ocr_carea ocr_par ocr_line ocrx_word'/>
</head>
<body>
  <div class='ocr_page' id='page_1' title='image "./djuniijuvenalis02persgoog_0324.png"; bbox 0 0 3100 5250; ppageno 0'>
   <div class='ocr_carea' id='block_1_1' title="bbox 439 472 1231 545">
    <p class='ocr_par' dir='ltr' id='par_1_1' title="bbox 439 472 1231 545">
     <span class='ocr_line' id='line_1_1' title="bbox 439 472 1231 545; baseline -0.006 -3"><span class='ocrx_word' id='word_1_1' title='bbox 439 478 488 543; x_wconf 90' lang='lat' dir='ltr'>IN</span> <span class='ocrx_word' id='word_1_2' title='bbox 511 472 674 545; x_wconf 87' lang='lat' dir='ltr'>JUVEN.</span> <span class='ocrx_word' id='word_1_3' title='bbox 699 478 800 545; x_wconf 83' lang='lat' dir='ltr'><strong>SAT.</strong></span> <span class='ocrx_word' id='word_1_4' title='bbox 825 478 903 544; x_wconf 94' lang='lat' dir='ltr'>Vll.</span> <span class='ocrx_word' id='word_1_5' title='bbox 1167 480 1231 538; x_wconf 83' lang='grc'>319</span> 
     </span>
    </p>
   </div>
   <div class='ocr_carea' id='block_1_2' title="bbox 79 648 1242 3463">
    <p class='ocr_par' dir='ltr' id='par_1_2' title="bbox 79 648 1228 1120">
     <span class='ocr_line' id='line_1_2' title="bbox 83 648 1227 733; baseline -0.003 -20"><span class='ocrx_word' id='word_1_6' title='bbox 83 652 197 713; x_wconf 76' lang='lat' dir='ltr'>Cirrha</span> <span class='ocrx_word' id='word_1_7' title='bbox 220 653 358 713; x_wconf 74' lang='lat' dir='ltr'><strong>Phocidis</strong></span> <span class='ocrx_word' id='word_1_8' title='bbox 378 656 450 713; x_wconf 91' lang='lat' dir='ltr'>urbs</span> <span class='ocrx_word' id='word_1_9' title='bbox 469 666 500 713; x_wconf 89' lang='lat' dir='ltr'>et</span> <span class='ocrx_word' id='word_1_10' title='bbox 519 648 621 714; x_wconf 83' lang='lat' dir='ltr'>nsvsle</span> <span class='ocrx_word' id='word_1_11' title='bbox 640 654 835 733; x_wconf 85' lang='lat' dir='ltr'>Delphorum,</span> <span class='ocrx_word' id='word_1_12' title='bbox 851 654 902 713; x_wconf 92' lang='lat' dir='ltr'>ubi</span> <span class='ocrx_word' id='word_1_13' title='bbox 919 652 1068 731; x_wconf 82' lang='lat' dir='ltr'>Apollinis</span> <span class='ocrx_word' id='word_1_14' title='bbox 1078 650 1227 711; x_wconf 84' lang='lat' dir='ltr'>oraculum</span> 
     </span>
     <span class='ocr_line' id='line_1_3' title="bbox 79 754 1227 835; baseline -0.006 -17"><span class='ocrx_word' id='word_1_15' title='bbox 79 770 157 828; x_wconf 75' lang='lat' dir='ltr'>esst,</span> <span class='ocrx_word' id='word_1_16' title='bbox 182 756 264 817; x_wconf 85' lang='lat' dir='ltr'>uude</span> <span class='ocrx_word' id='word_1_17' title='bbox 285 758 312 815; x_wconf 90' lang='lat' dir='ltr'>is</span> <span class='ocrx_word' id='word_1_18' title='bbox 332 776 390 815; x_wconf 92' lang='lat' dir='ltr'>non</span> <span class='ocrx_word' id='word_1_19' title='bbox 409 756 498 815; x_wconf 89' lang='lat' dir='ltr'>modo</span> <span class='ocrx_word' id='word_1_20' title='bbox 519 756 684 835; x_wconf 74' lang='lat' dir='ltr'>Delphicus,</span> <span class='ocrx_word' id='word_1_21' title='bbox 706 756 758 815; x_wconf 89' lang='lat' dir='ltr'>sed</span> <span class='ocrx_word' id='word_1_22' title='bbox 777 768 808 814; x_wconf 88' lang='lat' dir='ltr'>et</span> <span class='ocrx_word' id='word_1_23' title='bbox 823 755 968 815; x_wconf 80' lang='lat' dir='ltr'>Cirrlvoeus</span> <span class='ocrx_word' id='word_1_24' title='bbox 987 754 1103 813; x_wconf 88' lang='lat' dir='ltr'>dicitur.</span> <span class='ocrx_word' id='word_1_25' title='bbox 1145 754 1227 831; x_wconf 72' lang='lat' dir='ltr'>Nyso</span> 
     </span>
     <span class='ocr_line' id='line_1_4' title="bbox 84 856 1228 935; baseline 0.001 -20"><span class='ocrx_word' id='word_1_26' title='bbox 84 860 159 917; x_wconf 84' lang='lat' dir='ltr'>urbs</span> <span class='ocrx_word' id='word_1_27' title='bbox 185 856 235 915; x_wconf 86' lang='lat' dir='ltr'>vel</span> <span class='ocrx_word' id='word_1_28' title='bbox 259 876 346 915; x_wconf 84' lang='lat' dir='ltr'>snons</span> <span class='ocrx_word' id='word_1_29' title='bbox 367 857 481 917; x_wconf 80' lang='lat' dir='ltr'>Boccho</span> <span class='ocrx_word' id='word_1_30' title='bbox 505 876 593 915; x_wconf 80' lang='lat' dir='ltr'>secer.</span> <span class='ocrx_word' id='word_1_31' title='bbox 636 857 694 915; x_wconf 89' lang='lat' dir='ltr'>Sed</span> <span class='ocrx_word' id='word_1_32' title='bbox 719 857 855 916; x_wconf 86' lang='lat' dir='ltr'>undecim</span> <span class='ocrx_word' id='word_1_33' title='bbox 880 857 969 935; x_wconf 85' lang='lat' dir='ltr'>liujus</span> <span class='ocrx_word' id='word_1_34' title='bbox 992 856 1118 914; x_wconf 89' lang='lat' dir='ltr'>nominis</span> <span class='ocrx_word' id='word_1_35' title='bbox 1141 858 1228 916; x_wconf 84' lang='lat' dir='ltr'>nrbes</span> 
     </span>
     <span class='ocr_line' id='line_1_5' title="bbox 81 958 1227 1037; baseline 0.001 -22"><span class='ocrx_word' id='word_1_36' title='bbox 81 966 268 1037; x_wconf 73' lang='lat' dir='ltr'>montesque</span> <span class='ocrx_word' id='word_1_37' title='bbox 282 980 300 1017; x_wconf 84' lang='lat' dir='ltr'>a</span> <span class='ocrx_word' id='word_1_38' title='bbox 314 958 398 1017; x_wconf 78' lang='lat' dir='ltr'>variis</span> <span class='ocrx_word' id='word_1_39' title='bbox 410 958 600 1037; x_wconf 71' lang='lat' dir='ltr'>scriptoribus</span> <span class='ocrx_word' id='word_1_40' title='bbox 610 960 851 1019; x_wconf 77' lang='lat' dir='ltr'>memorentur.²⁸</span> <span class='ocrx_word' id='word_1_41' title='bbox 891 958 939 1018; x_wconf 79' lang='lat'>6⁵.</span> <span class='ocrx_word' id='word_1_42' title='bbox 958 960 1031 1017; x_wconf 84' lang='lat' dir='ltr'>duur</span> <span class='ocrx_word' id='word_1_43' title='bbox 1044 978 1137 1028; x_wconf 85' lang='lat' dir='ltr'>curos,</span> <span class='ocrx_word' id='word_1_44' title='bbox 1158 980 1227 1037; x_wconf 91' lang='lat' dir='ltr'>poe-</span> 
     </span>
     <span class='ocr_line' id='line_1_6' title="bbox 80 1058 429 1120; baseline 0.011 -5"><span class='ocrx_word' id='word_1_45' title='bbox 80 1058 156 1119; x_wconf 78' lang='lat' dir='ltr'>ticae</span> <span class='ocrx_word' id='word_1_46' title='bbox 172 1072 204 1120; x_wconf 89' lang='lat' dir='ltr'>et</span> <span class='ocrx_word' id='word_1_47' title='bbox 216 1061 262 1119; x_wconf 90' lang='lat' dir='ltr'>rei</span> <span class='ocrx_word' id='word_1_48' title='bbox 275 1060 429 1119; x_wconf 75' lang='lat' dir='ltr'>familiaris.</span> 
     </span>
    </p>

    <p class='ocr_par' dir='ltr' id='par_1_3' title="bbox 83 1156 1242 3463">
     <span class='ocr_line' id='line_1_7' title="bbox 130 1156 1228 1244; baseline 0.006 -25"><span class='ocrx_word' id='word_1_49' title='bbox 130 1160 268 1227; x_wconf 80' lang='lat'><strong>66-71.</strong></span> <span class='ocrx_word' id='word_1_50' title='bbox 289 1160 405 1241; x_wconf 76' lang='lat' dir='ltr'>Magum</span> <span class='ocrx_word' id='word_1_51' title='bbox 425 1163 528 1233; x_wconf 76' lang='lat' dir='ltr'>sumtis,</span> <span class='ocrx_word' id='word_1_52' title='bbox 550 1162 661 1241; x_wconf 86' lang='lat' dir='ltr'>ingenii</span> <span class='ocrx_word' id='word_1_53' title='bbox 681 1156 806 1223; x_wconf 69' lang='lat' dir='ltr'>tentum·</span> <span class='ocrx_word' id='word_1_54' title='bbox 816 1164 965 1243; x_wconf 73' lang='lat' dir='ltr'>animique</span> <span class='ocrx_word' id='word_1_55' title='bbox 984 1166 1117 1244; x_wconf 88' lang='lat' dir='ltr'>generosi</span> <span class='ocrx_word' id='word_1_56' title='bbox 1135 1177 1166 1226; x_wconf 88' lang='lat' dir='ltr'>et</span> <span class='ocrx_word' id='word_1_57' title='bbox 1178 1187 1228 1225; x_wconf 81' lang='lat' dir='ltr'>ex-</span> 
     </span>
     <span class='ocr_line' id='line_1_8' title="bbox 83 1258 1230 1342; baseline 0.003 -25"><span class='ocrx_word' id='word_1_58' title='bbox 83 1258 172 1327; x_wconf 81' lang='lat' dir='ltr'>celsi,</span> <span class='ocrx_word' id='word_1_59' title='bbox 194 1258 299 1335; x_wconf 89' lang='lat' dir='ltr'>spiritu</span> <span class='ocrx_word' id='word_1_60' title='bbox 320 1258 421 1317; x_wconf 89' lang='lat' dir='ltr'>divino</span> <span class='ocrx_word' id='word_1_61' title='bbox 440 1258 570 1319; x_wconf 83' lang='lat' dir='ltr'>instincti</span> <span class='ocrx_word' id='word_1_62' title='bbox 584 1272 614 1319; x_wconf 89' lang='lat' dir='ltr'>et</span> <span class='ocrx_word' id='word_1_63' title='bbox 634 1260 798 1337; x_wconf 79' lang='lat' dir='ltr'>magnificis</span> <span class='ocrx_word' id='word_1_64' title='bbox 817 1261 976 1339; x_wconf 78' lang='lat' dir='ltr'>phantasiae</span> <span class='ocrx_word' id='word_1_65' title='bbox 990 1264 1121 1322; x_wconf 78' lang='lat' dir='ltr'>sensibus</span> <span class='ocrx_word' id='word_1_66' title='bbox 1140 1264 1230 1342; x_wconf 89' lang='lat' dir='ltr'>pleni,</span> 
     </span>
     <span class='ocr_line' id='line_1_9' title="bbox 87 1358 1231 1440; baseline 0.005 -23"><span class='ocrx_word' id='word_1_67' title='bbox 87 1378 137 1419; x_wconf 83' lang='lat' dir='ltr'>uec</span> <span class='ocrx_word' id='word_1_68' title='bbox 150 1360 187 1417; x_wconf 83' lang='lat' dir='ltr'>de</span> <span class='ocrx_word' id='word_1_69' title='bbox 206 1360 303 1429; x_wconf 66' lang='lat' dir='ltr'>lodus,</span> <span class='ocrx_word' id='word_1_70' title='bbox 318 1358 406 1431; x_wconf 88' lang='lat' dir='ltr'>lecto,</span> <span class='ocrx_word' id='word_1_71' title='bbox 429 1362 471 1438; x_wconf 87' lang='lat' dir='ltr'>(v.</span> <span class='ocrx_word' id='word_1_72' title='bbox 485 1362 523 1419; x_wconf 88' lang='lat' dir='ltr'>sd</span> <span class='ocrx_word' id='word_1_73' title='bbox 537 1360 592 1429; x_wconf 91' lang='lat' dir='ltr'>Vl,</span> <span class='ocrx_word' id='word_1_74' title='bbox 610 1361 691 1440; x_wconf 88' lang='lat'>196.)</span> <span class='ocrx_word' id='word_1_75' title='bbox 712 1362 741 1419; x_wconf 91' lang='lat' dir='ltr'>h.</span> <span class='ocrx_word' id='word_1_76' title='bbox 757 1382 784 1421; x_wconf 88' lang='lat' dir='ltr'>e.</span> <span class='ocrx_word' id='word_1_77' title='bbox 799 1362 881 1421; x_wconf 88' lang='lat' dir='ltr'>cultu</span> <span class='ocrx_word' id='word_1_78' title='bbox 895 1384 929 1423; x_wconf 86' lang='lat' dir='ltr'>sc</span> <span class='ocrx_word' id='word_1_79' title='bbox 941 1364 1021 1423; x_wconf 89' lang='lat' dir='ltr'>victu</span> <span class='ocrx_word' id='word_1_80' title='bbox 1037 1364 1082 1423; x_wconf 92' lang='lat' dir='ltr'>vel</span> <span class='ocrx_word' id='word_1_81' title='bbox 1102 1365 1231 1429; x_wconf 60' lang='lat' dir='ltr'>relumi-</span> 
     </span>
     <span class='ocr_line' id='line_1_10' title="bbox 88 1462 1231 1546; baseline 0.003 -23"><span class='ocrx_word' id='word_1_82' title='bbox 88 1464 154 1523; x_wconf 78' lang='lat' dir='ltr'>lisri</span> <span class='ocrx_word' id='word_1_83' title='bbox 166 1463 300 1541; x_wconf 81' lang='lat' dir='ltr'>porundu</span> <span class='ocrx_word' id='word_1_84' title='bbox 315 1463 438 1532; x_wconf 82' lang='lat' dir='ltr'>attoniti,</span> <span class='ocrx_word' id='word_1_85' title='bbox 452 1462 538 1544; x_wconf 71' lang='lat' dir='ltr'>valde</span> <span class='ocrx_word' id='word_1_86' title='bbox 552 1462 677 1535; x_wconf 77' lang='lat' dir='ltr'>solliciti,</span> <span class='ocrx_word' id='word_1_87' title='bbox 697 1464 726 1523; x_wconf 77' lang='lat' dir='ltr'>h·</span> <span class='ocrx_word' id='word_1_88' title='bbox 740 1485 765 1522; x_wconf 90' lang='lat' dir='ltr'>e.</span> <span class='ocrx_word' id='word_1_89' title='bbox 781 1466 874 1523; x_wconf 90' lang='lat' dir='ltr'>sereni</span> <span class='ocrx_word' id='word_1_90' title='bbox 887 1486 1083 1546; x_wconf 84' lang='lat' dir='ltr'>curarumque</span> <span class='ocrx_word' id='word_1_91' title='bbox 1095 1470 1231 1546; x_wconf 83' lang='lat' dir='ltr'>expertis,</span> 
     </span>
     <span class='ocr_line' id='line_1_11' title="bbox 89 1563 1233 1650; baseline 0.007 -27"><span class='ocrx_word' id='word_1_92' title='bbox 89 1586 173 1643; x_wconf 84' lang='lat' dir='ltr'>opus,</span> <span class='ocrx_word' id='word_1_93' title='bbox 184 1563 349 1643; x_wconf 89' lang='lat' dir='ltr'>proprium,</span> <span class='ocrx_word' id='word_1_94' title='bbox 364 1576 417 1633; x_wconf 86' lang='lat' dir='ltr'>est,</span> <span class='ocrx_word' id='word_1_95' title='bbox 432 1565 584 1645; x_wconf 76' lang='lat' dir='ltr'>adspicere,</span> <span class='ocrx_word' id='word_1_96' title='bbox 599 1566 630 1623; x_wconf 92' lang='lat' dir='ltr'>in</span> <span class='ocrx_word' id='word_1_97' title='bbox 644 1566 842 1627; x_wconf 77' lang='lat' dir='ltr'>enthusiasmo</span> <span class='ocrx_word' id='word_1_98' title='bbox 854 1588 973 1628; x_wconf 89' lang='lat' dir='ltr'>eernere</span> <span class='ocrx_word' id='word_1_99' title='bbox 986 1590 1029 1639; x_wconf 87' lang='lat' dir='ltr'>es,</span> <span class='ocrx_word' id='word_1_100' title='bbox 1044 1592 1110 1649; x_wconf 86' lang='lat' dir='ltr'>quae</span> <span class='ocrx_word' id='word_1_101' title='bbox 1124 1572 1233 1650; x_wconf 88' lang='lat' dir='ltr'>vulgus</span> 
     </span>
     <span class='ocr_line' id='line_1_12' title="bbox 91 1665 1234 1749; baseline 0.005 -24"><span class='ocrx_word' id='word_1_102' title='bbox 91 1665 248 1725; x_wconf 88' lang='lat' dir='ltr'>bominum</span> <span class='ocrx_word' id='word_1_103' title='bbox 265 1686 327 1725; x_wconf 90' lang='lat' dir='ltr'>non</span> <span class='ocrx_word' id='word_1_104' title='bbox 349 1666 440 1737; x_wconf 85' lang='lat' dir='ltr'>videt,</span> <span class='ocrx_word' id='word_1_105' title='bbox 463 1686 489 1723; x_wconf 88' lang='lat' dir='ltr'>v.</span> <span class='ocrx_word' id='word_1_106' title='bbox 505 1686 653 1736; x_wconf 70' lang='lat' dir='ltr'>scurrus,</span> <span class='ocrx_word' id='word_1_107' title='bbox 674 1686 755 1746; x_wconf 84' lang='lat' dir='ltr'>equos</span> <span class='ocrx_word' id='word_1_108' title='bbox 763 1668 915 1748; x_wconf 80' lang='lat' dir='ltr'>faciesque</span> <span class='ocrx_word' id='word_1_109' title='bbox 928 1670 1062 1743; x_wconf 89' lang='lat' dir='ltr'>Deorum,</span> <span class='ocrx_word' id='word_1_110' title='bbox 1081 1674 1131 1749; x_wconf 90' lang='lat' dir='ltr'>qui</span> <span class='ocrx_word' id='word_1_111' title='bbox 1145 1676 1234 1732; x_wconf 90' lang='lat' dir='ltr'>rebus</span> 
     </span>
     <span class='ocr_line' id='line_1_13' title="bbox 93 1767 1234 1851; baseline 0.009 -27"><span class='ocrx_word' id='word_1_112' title='bbox 93 1770 126 1825; x_wconf 92' lang='lat' dir='ltr'>in</span> <span class='ocrx_word' id='word_1_113' title='bbox 149 1768 225 1827; x_wconf 87' lang='lat' dir='ltr'>bello</span> <span class='ocrx_word' id='word_1_114' title='bbox 242 1768 381 1845; x_wconf 80' lang='lat' dir='ltr'>gerendis</span> <span class='ocrx_word' id='word_1_115' title='bbox 401 1768 557 1835; x_wconf 83' lang='lat' dir='ltr'>intersunt,</span> <span class='ocrx_word' id='word_1_116' title='bbox 578 1767 625 1828; x_wconf 87' lang='lat' dir='ltr'>vel</span> <span class='ocrx_word' id='word_1_117' title='bbox 646 1768 822 1827; x_wconf 84' lang='lat' dir='ltr'>horrendam</span> <span class='ocrx_word' id='word_1_118' title='bbox 842 1771 946 1829; x_wconf 76' lang='lat' dir='ltr'>faciem</span> <span class='ocrx_word' id='word_1_119' title='bbox 964 1772 1115 1851; x_wconf 73' lang='lat' dir='ltr'>Eriuuyos,</span> <span class='ocrx_word' id='word_1_120' title='bbox 1137 1774 1234 1834; x_wconf 81' lang='lat' dir='ltr'>Furius</span> 
     </span>
     <span class='ocr_line' id='line_1_14' title="bbox 93 1869 1235 1955; baseline 0.008 -28"><span class='ocrx_word' id='word_1_121' title='bbox 93 1870 226 1939; x_wconf 80' lang='lat' dir='ltr'>Alectus,</span> <span class='ocrx_word' id='word_1_122' title='bbox 249 1890 319 1948; x_wconf 76' lang='lat' dir='ltr'>quse</span> <span class='ocrx_word' id='word_1_123' title='bbox 342 1869 509 1927; x_wconf 78' lang='lat' dir='ltr'>Rutulorum</span> <span class='ocrx_word' id='word_1_124' title='bbox 530 1889 630 1948; x_wconf 85' lang='lat' dir='ltr'>regem</span> <span class='ocrx_word' id='word_1_125' title='bbox 651 1871 787 1929; x_wconf 87' lang='lat' dir='ltr'>Turnum</span> <span class='ocrx_word' id='word_1_126' title='bbox 806 1872 941 1949; x_wconf 79' lang='lat' dir='ltr'>confudit,</span> <span class='ocrx_word' id='word_1_127' title='bbox 961 1876 1090 1933; x_wconf 81' lang='lat' dir='ltr'>animum</span> <span class='ocrx_word' id='word_1_128' title='bbox 1109 1875 1174 1955; x_wconf 89' lang='lat' dir='ltr'>ejus</span> <span class='ocrx_word' id='word_1_129' title='bbox 1193 1876 1235 1935; x_wconf 78' lang='lat' dir='ltr'>its</span> 
     </span>
     <span class='ocr_line' id='line_1_15' title="bbox 94 1970 1234 2055; baseline 0.006 -26"><span class='ocrx_word' id='word_1_130' title='bbox 94 1972 288 2050; x_wconf 71' lang='lat' dir='ltr'>perturbavit,</span> <span class='ocrx_word' id='word_1_131' title='bbox 310 1982 345 2030; x_wconf 91' lang='lat' dir='ltr'>ut</span> <span class='ocrx_word' id='word_1_132' title='bbox 365 1970 398 2029; x_wconf 90' lang='lat' dir='ltr'>in</span> <span class='ocrx_word' id='word_1_133' title='bbox 418 1971 546 2030; x_wconf 85' lang='lat' dir='ltr'>furorem</span> <span class='ocrx_word' id='word_1_134' title='bbox 566 1970 717 2041; x_wconf 85' lang='lat' dir='ltr'>incideret,</span> <span class='ocrx_word' id='word_1_135' title='bbox 739 1984 770 2031; x_wconf 91' lang='lat' dir='ltr'>et</span> <span class='ocrx_word' id='word_1_136' title='bbox 791 1992 880 2049; x_wconf 83' lang='lat' dir='ltr'>quum</span> <span class='ocrx_word' id='word_1_137' title='bbox 899 1975 985 2052; x_wconf 84' lang='lat' dir='ltr'>fingit</span> <span class='ocrx_word' id='word_1_138' title='bbox 1004 1977 1147 2055; x_wconf 85' lang='lat' dir='ltr'>Virgilius</span> <span class='ocrx_word' id='word_1_139' title='bbox 1169 1978 1234 2037; x_wconf 81' lang='lat' dir='ltr'>liin.</span> 
     </span>
     <span class='ocr_line' id='line_1_16' title="bbox 95 2068 1236 2156; baseline 0.011 -31"><span class='ocrx_word' id='word_1_140' title='bbox 95 2070 251 2139; x_wconf 76' lang='lat' dir='ltr'>vl1,450.</span> <span class='ocrx_word' id='word_1_141' title='bbox 274 2069 400 2149; x_wconf 85' lang='lat' dir='ltr'>geminos</span> <span class='ocrx_word' id='word_1_142' title='bbox 421 2068 539 2127; x_wconf 68' lang='lat' dir='ltr'>nesure</span> <span class='ocrx_word' id='word_1_143' title='bbox 562 2069 685 2129; x_wconf 81' lang='lat' dir='ltr'>crinibus</span> <span class='ocrx_word' id='word_1_144' title='bbox 705 2090 811 2149; x_wconf 80' lang='lat' dir='ltr'>ungues</span> <span class='ocrx_word' id='word_1_145' title='bbox 830 2084 895 2141; x_wconf 84' lang='lat' dir='ltr'>cet,</span> <span class='ocrx_word' id='word_1_146' title='bbox 917 2085 946 2132; x_wconf 88' lang='lat' dir='ltr'>et</span> <span class='ocrx_word' id='word_1_147' title='bbox 960 2094 987 2131; x_wconf 89' lang='lat' dir='ltr'>v.</span> <span class='ocrx_word' id='word_1_148' title='bbox 1003 2083 1058 2134; x_wconf 84' lang='lat'>511</span> <span class='ocrx_word' id='word_1_149' title='bbox 1076 2096 1135 2155; x_wconf 84' lang='lat' dir='ltr'>seq.</span> <span class='ocrx_word' id='word_1_150' title='bbox 1152 2080 1236 2156; x_wconf 82' lang='lat' dir='ltr'>graui</span> 
     </span>
     <span class='ocr_line' id='line_1_17' title="bbox 95 2166 1237 2245; baseline 0.006 -17"><span class='ocrx_word' id='word_1_151' title='bbox 95 2190 168 2229; x_wconf 88' lang='lat' dir='ltr'>sono</span> <span class='ocrx_word' id='word_1_152' title='bbox 195 2168 318 2227; x_wconf 75' lang='lat' dir='ltr'>buccine</span> <span class='ocrx_word' id='word_1_153' title='bbox 346 2166 486 2227; x_wconf 84' lang='lat' dir='ltr'>roricolss</span> <span class='ocrx_word' id='word_1_154' title='bbox 519 2186 712 2227; x_wconf 79' lang='lat' dir='ltr'>convocasse:</span> <span class='ocrx_word' id='word_1_155' title='bbox 748 2188 837 2245; x_wconf 81' lang='lat' dir='ltr'>quem</span> <span class='ocrx_word' id='word_1_156' title='bbox 869 2170 967 2231; x_wconf 84' lang='lat' dir='ltr'>Furiae</span> <span class='ocrx_word' id='word_1_157' title='bbox 992 2173 1237 2235; x_wconf 75' lang='lat' dir='ltr'>machinationem</span> 
     </span>
     <span class='ocr_line' id='line_1_18' title="bbox 96 2271 1238 2356; baseline 0.005 -25"><span class='ocrx_word' id='word_1_158' title='bbox 96 2274 251 2351; x_wconf 78' lang='lat' dir='ltr'>dirumque</span> <span class='ocrx_word' id='word_1_159' title='bbox 273 2272 399 2331; x_wconf 84' lang='lat' dir='ltr'>formum</span> <span class='ocrx_word' id='word_1_160' title='bbox 423 2290 483 2330; x_wconf 91' lang='lat' dir='ltr'>non</span> <span class='ocrx_word' id='word_1_161' title='bbox 505 2281 564 2329; x_wconf 86' lang='lat' dir='ltr'>tem</span> <span class='ocrx_word' id='word_1_162' title='bbox 587 2271 724 2351; x_wconf 84' lang='lat' dir='ltr'>praeclare</span> <span class='ocrx_word' id='word_1_163' title='bbox 747 2272 929 2332; x_wconf 89' lang='lat' dir='ltr'>comminisci</span> <span class='ocrx_word' id='word_1_164' title='bbox 952 2283 983 2332; x_wconf 88' lang='lat' dir='ltr'>et</span> <span class='ocrx_word' id='word_1_165' title='bbox 1002 2285 1064 2332; x_wconf 84' lang='lat' dir='ltr'>tam</span> <span class='ocrx_word' id='word_1_166' title='bbox 1088 2278 1238 2356; x_wconf 82' lang='lat' dir='ltr'>exquisitis</span> 
     </span>
     <span class='ocr_line' id='line_1_19' title="bbox 95 2376 1240 2458; baseline 0.001 -19"><span class='ocrx_word' id='word_1_167' title='bbox 95 2380 244 2439; x_wconf 81' lang='lat' dir='ltr'>coloribus</span> <span class='ocrx_word' id='word_1_168' title='bbox 256 2378 434 2437; x_wconf 77' lang='lat' dir='ltr'>adumbrare</span> <span class='ocrx_word' id='word_1_169' title='bbox 456 2377 606 2455; x_wconf 89' lang='lat' dir='ltr'>potuisset,</span> <span class='ocrx_word' id='word_1_170' title='bbox 629 2376 1042 2457; x_wconf 78' lang='lat' dir='ltr'>(AEn.V11‚ses-571.)si</span> <span class='ocrx_word' id='word_1_171' title='bbox 1058 2401 1141 2458; x_wconf 84' lang='lat' dir='ltr'>puer,</span> <span class='ocrx_word' id='word_1_172' title='bbox 1163 2383 1240 2441; x_wconf 90' lang='lat' dir='ltr'>servi</span> 
     </span>
     <span class='ocr_line' id='line_1_20' title="bbox 95 2474 1239 2556; baseline 0.002 -21"><span class='ocrx_word' id='word_1_173' title='bbox 95 2478 141 2537; x_wconf 87' lang='lat' dir='ltr'>vel</span> <span class='ocrx_word' id='word_1_174' title='bbox 166 2498 294 2556; x_wconf 81' lang='lat' dir='ltr'>magnus</span> <span class='ocrx_word' id='word_1_175' title='bbox 316 2495 467 2535; x_wconf 89' lang='lat' dir='ltr'>servorum</span> <span class='ocrx_word' id='word_1_176' title='bbox 494 2494 642 2543; x_wconf 90' lang='lat' dir='ltr'>numerus,</span> <span class='ocrx_word' id='word_1_177' title='bbox 671 2486 701 2534; x_wconf 90' lang='lat' dir='ltr'>et</span> <span class='ocrx_word' id='word_1_178' title='bbox 724 2474 866 2537; x_wconf 78' lang='lat' dir='ltr'>tolerabile</span> <span class='ocrx_word' id='word_1_179' title='bbox 890 2476 1045 2553; x_wconf 73' lang='lat' dir='ltr'>hospitium,</span> <span class='ocrx_word' id='word_1_180' title='bbox 1070 2478 1184 2552; x_wconf 89' lang='lat' dir='ltr'>domus,</span> <span class='ocrx_word' id='word_1_181' title='bbox 1211 2480 1239 2539; x_wconf 91' lang='lat' dir='ltr'>ei</span> 
     </span>
     <span class='ocr_line' id='line_1_21' title="bbox 94 2573 1239 2655; baseline -0.002 -17"><span class='ocrx_word' id='word_1_182' title='bbox 94 2579 210 2644; x_wconf 65' lang='lat' dir='ltr'>deesset</span> <span class='ocrx_word' id='word_1_183' title='bbox 232 2576 383 2646; x_wconf 81' lang='lat' dir='ltr'>defuisset,</span> <span class='ocrx_word' id='word_1_184' title='bbox 404 2574 434 2632; x_wconf 93' lang='lat' dir='ltr'>h.</span> <span class='ocrx_word' id='word_1_185' title='bbox 450 2594 474 2634; x_wconf 84' lang='lat' dir='ltr'>e.</span> <span class='ocrx_word' id='word_1_186' title='bbox 497 2576 519 2633; x_wconf 86' lang='lat' dir='ltr'>si</span> <span class='ocrx_word' id='word_1_187' title='bbox 540 2593 601 2633; x_wconf 92' lang='lat' dir='ltr'>non</span> <span class='ocrx_word' id='word_1_188' title='bbox 621 2573 703 2635; x_wconf 89' lang='lat' dir='ltr'>dives</span> <span class='ocrx_word' id='word_1_189' title='bbox 722 2574 844 2645; x_wconf 79' lang='lat' dir='ltr'>fuisset3</span> <span class='ocrx_word' id='word_1_190' title='bbox 865 2587 930 2634; x_wconf 91' lang='lat' dir='ltr'>tum</span> <span class='ocrx_word' id='word_1_191' title='bbox 950 2576 1028 2634; x_wconf 90' lang='lat' dir='ltr'>enim</span> <span class='ocrx_word' id='word_1_192' title='bbox 1048 2576 1160 2655; x_wconf 87' lang='lat' dir='ltr'>hydros</span> <span class='ocrx_word' id='word_1_193' title='bbox 1178 2597 1239 2638; x_wconf 92' lang='lat' dir='ltr'>non</span> 
     </span>
     <span class='ocr_line' id='line_1_22' title="bbox 95 2672 1240 2750; baseline 0 -14"><span class='ocrx_word' id='word_1_194' title='bbox 95 2690 223 2746; x_wconf 85' lang='lat' dir='ltr'>erectos,</span> <span class='ocrx_word' id='word_1_195' title='bbox 245 2675 297 2733; x_wconf 89' lang='lat' dir='ltr'>sed</span> <span class='ocrx_word' id='word_1_196' title='bbox 314 2675 440 2734; x_wconf 84' lang='lat' dir='ltr'>cudentes</span> <span class='ocrx_word' id='word_1_197' title='bbox 459 2693 477 2730; x_wconf 91' lang='lat' dir='ltr'>u</span> <span class='ocrx_word' id='word_1_198' title='bbox 497 2672 621 2730; x_wconf 80' lang='lat' dir='ltr'>crinibus</span> <span class='ocrx_word' id='word_1_199' title='bbox 634 2691 788 2750; x_wconf 77' lang='lat' dir='ltr'>perperam</span> <span class='ocrx_word' id='word_1_200' title='bbox 803 2672 943 2741; x_wconf 85' lang='lat' dir='ltr'>finxisset,</span> <span class='ocrx_word' id='word_1_201' title='bbox 965 2687 995 2732; x_wconf 91' lang='lat' dir='ltr'>et</span> <span class='ocrx_word' id='word_1_202' title='bbox 1008 2675 1124 2733; x_wconf 80' lang='lat' dir='ltr'>buccina</span> <span class='ocrx_word' id='word_1_203' title='bbox 1137 2677 1240 2736; x_wconf 84' lang='lat' dir='ltr'>fuisset</span> 
     </span>
     <span class='ocr_line' id='line_1_23' title="bbox 97 2775 1238 2854; baseline 0.001 -17"><span class='ocrx_word' id='word_1_204' title='bbox 97 2780 202 2848; x_wconf 83' lang='lat' dir='ltr'>surda,</span> <span class='ocrx_word' id='word_1_205' title='bbox 214 2797 278 2838; x_wconf 90' lang='lat' dir='ltr'>non</span> <span class='ocrx_word' id='word_1_206' title='bbox 291 2777 353 2836; x_wconf 77' lang='lat' dir='ltr'>dats</span> <span class='ocrx_word' id='word_1_207' title='bbox 368 2777 465 2836; x_wconf 82' lang='lat' dir='ltr'>Furiae</span> <span class='ocrx_word' id='word_1_208' title='bbox 479 2797 574 2854; x_wconf 89' lang='lat' dir='ltr'>neque</span> <span class='ocrx_word' id='word_1_209' title='bbox 588 2787 648 2834; x_wconf 86' lang='lat' dir='ltr'>tsm</span> <span class='ocrx_word' id='word_1_210' title='bbox 661 2776 827 2834; x_wconf 89' lang='lat' dir='ltr'>horrendus</span> <span class='ocrx_word' id='word_1_211' title='bbox 839 2775 867 2834; x_wconf 88' lang='lat' dir='ltr'>ei</span> <span class='ocrx_word' id='word_1_212' title='bbox 889 2776 1018 2835; x_wconf 89' lang='lat' dir='ltr'>tributus</span> <span class='ocrx_word' id='word_1_213' title='bbox 1031 2788 1108 2836; x_wconf 89' lang='lat' dir='ltr'>esset</span> <span class='ocrx_word' id='word_1_214' title='bbox 1119 2780 1238 2839; x_wconf 89' lang='lat' dir='ltr'>sonitus.</span> 
     </span>
     <span class='ocr_line' id='line_1_24' title="bbox 100 2871 1240 2956; baseline 0 -18"><span class='ocrx_word' id='word_1_215' title='bbox 100 2881 173 2940; x_wconf 92' lang='lat' dir='ltr'>Hoc</span> <span class='ocrx_word' id='word_1_216' title='bbox 188 2901 258 2938; x_wconf 88' lang='lat' dir='ltr'>vero</span> <span class='ocrx_word' id='word_1_217' title='bbox 271 2879 381 2938; x_wconf 90' lang='lat' dir='ltr'>dictum</span> <span class='ocrx_word' id='word_1_218' title='bbox 402 2891 445 2938; x_wconf 88' lang='lat' dir='ltr'>est</span> <span class='ocrx_word' id='word_1_219' title='bbox 465 2898 537 2956; x_wconf 88' lang='lat' dir='ltr'>pro:</span> <span class='ocrx_word' id='word_1_220' title='bbox 557 2877 710 2956; x_wconf 87' lang='lat' dir='ltr'>Virgilius,</span> <span class='ocrx_word' id='word_1_221' title='bbox 733 2871 892 2956; x_wconf 58' lang='lat' dir='ltr'>si&#39;psuper</span> <span class='ocrx_word' id='word_1_222' title='bbox 904 2879 1016 2947; x_wconf 83' lang='lat' dir='ltr'>suisset,</span> <span class='ocrx_word' id='word_1_223' title='bbox 1037 2880 1162 2938; x_wconf 88' lang='lat' dir='ltr'>scribere</span> <span class='ocrx_word' id='word_1_224' title='bbox 1178 2899 1240 2938; x_wconf 92' lang='lat' dir='ltr'>non</span> 
     </span>
     <span class='ocr_line' id='line_1_25' title="bbox 98 2979 1240 3062; baseline -0.002 -20"><span class='ocrx_word' id='word_1_225' title='bbox 98 2983 245 3062; x_wconf 86' lang='lat' dir='ltr'>potuisset</span> <span class='ocrx_word' id='word_1_226' title='bbox 261 2981 426 3050; x_wconf 82' lang='lat' dir='ltr'>AEneidem,</span> <span class='ocrx_word' id='word_1_227' title='bbox 449 2980 583 3038; x_wconf 89' lang='lat' dir='ltr'>divinum</span> <span class='ocrx_word' id='word_1_228' title='bbox 598 2999 726 3049; x_wconf 80' lang='lat' dir='ltr'>carmen,</span> <span class='ocrx_word' id='word_1_229' title='bbox 740 2979 822 3058; x_wconf 90' lang='lat' dir='ltr'>quod</span> <span class='ocrx_word' id='word_1_230' title='bbox 835 2999 894 3038; x_wconf 92' lang='lat' dir='ltr'>non</span> <span class='ocrx_word' id='word_1_231' title='bbox 907 2980 1005 3039; x_wconf 90' lang='lat' dir='ltr'>minus</span> <span class='ocrx_word' id='word_1_232' title='bbox 1017 3000 1125 3050; x_wconf 89' lang='lat' dir='ltr'>rerum,</span> <span class='ocrx_word' id='word_1_233' title='bbox 1146 2981 1240 3059; x_wconf 85' lang='lat' dir='ltr'>phun·</span> 
     </span>
     <span class='ocr_line' id='line_1_26' title="bbox 98 3078 1241 3159; baseline -0.003 -17"><span class='ocrx_word' id='word_1_234' title='bbox 98 3095 256 3150; x_wconf 71' lang='lat' dir='ltr'>tenuatum</span> <span class='ocrx_word' id='word_1_235' title='bbox 279 3092 572 3157; x_wconf 89' lang='lat' dir='ltr'>commentorumque</span> <span class='ocrx_word' id='word_1_236' title='bbox 593 3078 708 3137; x_wconf 89' lang='lat' dir='ltr'>delectu</span> <span class='ocrx_word' id='word_1_237' title='bbox 728 3089 817 3159; x_wconf 83' lang='lat' dir='ltr'>utque</span> <span class='ocrx_word' id='word_1_238' title='bbox 836 3078 937 3138; x_wconf 92' lang='lat' dir='ltr'>subtili</span> <span class='ocrx_word' id='word_1_239' title='bbox 951 3079 1119 3138; x_wconf 86' lang='lat' dir='ltr'>inventione</span> <span class='ocrx_word' id='word_1_240' title='bbox 1131 3092 1162 3139; x_wconf 87' lang='lat' dir='ltr'>et</span> <span class='ocrx_word' id='word_1_241' title='bbox 1174 3101 1241 3140; x_wconf 82' lang='lat' dir='ltr'>nar·</span> 
     </span>
     <span class='ocr_line' id='line_1_27' title="bbox 99 3180 1241 3263; baseline -0.001 -19"><span class='ocrx_word' id='word_1_242' title='bbox 99 3185 218 3244; x_wconf 76' lang='lat' dir='ltr'>rstirmis</span> <span class='ocrx_word' id='word_1_243' title='bbox 231 3183 413 3263; x_wconf 83' lang='lat' dir='ltr'>praestsntis,</span> <span class='ocrx_word' id='word_1_244' title='bbox 427 3202 516 3260; x_wconf 84' lang='lat' dir='ltr'>quarn</span> <span class='ocrx_word' id='word_1_245' title='bbox 532 3181 669 3240; x_wconf 75' lang='lat' dir='ltr'>orationis</span> <span class='ocrx_word' id='word_1_246' title='bbox 682 3180 826 3258; x_wconf 79' lang='lat' dir='ltr'>dignitate</span> <span class='ocrx_word' id='word_1_247' title='bbox 839 3192 870 3239; x_wconf 87' lang='lat' dir='ltr'>et</span> <span class='ocrx_word' id='word_1_248' title='bbox 883 3192 986 3239; x_wconf 84' lang='lat' dir='ltr'>ornatu</span> <span class='ocrx_word' id='word_1_249' title='bbox 1001 3181 1124 3240; x_wconf 83' lang='lat' dir='ltr'>excellit</span> <span class='ocrx_word' id='word_1_250' title='bbox 1167 3183 1241 3243; x_wconf 82' lang='lat' dir='ltr'>llaec</span> 
     </span>
     <span class='ocr_line' id='line_1_28' title="bbox 100 3265 1242 3360; baseline -0.004 -16"><span class='ocrx_word' id='word_1_251' title='bbox 100 3297 142 3344; x_wconf 89' lang='lat' dir='ltr'>est</span> <span class='ocrx_word' id='word_1_252' title='bbox 154 3285 304 3344; x_wconf 85' lang='lat' dir='ltr'>sententis</span> <span class='ocrx_word' id='word_1_253' title='bbox 316 3283 449 3360; x_wconf 82' lang='lat' dir='ltr'>praecluri</span> <span class='ocrx_word' id='word_1_254' title='bbox 468 3281 557 3359; x_wconf 90' lang='lat' dir='ltr'>hujus</span> <span class='ocrx_word' id='word_1_255' title='bbox 577 3265 633 3340; x_wconf 86' lang='lat' dir='ltr'>loci</span> <span class='ocrx_word' id='word_1_256' title='bbox 647 3291 735 3359; x_wconf 85' lang='lat' dir='ltr'>utque</span> <span class='ocrx_word' id='word_1_257' title='bbox 750 3280 896 3340; x_wconf 77' lang='lat' dir='ltr'>nobilitati</span> <span class='ocrx_word' id='word_1_258' title='bbox 913 3280 1036 3358; x_wconf 87' lang='lat' dir='ltr'>judicio,</span> <span class='ocrx_word' id='word_1_259' title='bbox 1057 3280 1138 3358; x_wconf 89' lang='lat' dir='ltr'>quod</span> <span class='ocrx_word' id='word_1_260' title='bbox 1156 3291 1242 3358; x_wconf 79' lang='lat' dir='ltr'>poeto</span> 
     </span>
     <span class='ocr_line' id='line_1_29' title="bbox 102 3381 1242 3463; baseline -0.004 -17"><span class='ocrx_word' id='word_1_261' title='bbox 102 3387 215 3446; x_wconf 88' lang='lat' dir='ltr'>tulitde</span> <span class='ocrx_word' id='word_1_262' title='bbox 228 3388 295 3446; x_wconf 92' lang='lat' dir='ltr'>loco</span> <span class='ocrx_word' id='word_1_263' title='bbox 305 3385 358 3444; x_wconf 91' lang='lat' dir='ltr'>illo</span> <span class='ocrx_word' id='word_1_264' title='bbox 366 3384 470 3463; x_wconf 85' lang='lat' dir='ltr'>Virgil.</span> <span class='ocrx_word' id='word_1_265' title='bbox 487 3387 554 3444; x_wconf 87' lang='lat' dir='ltr'>AEn.</span> <span class='ocrx_word' id='word_1_266' title='bbox 571 3383 643 3452; x_wconf 94' lang='lat' dir='ltr'>Vll,</span> <span class='ocrx_word' id='word_1_267' title='bbox 661 3391 719 3442; x_wconf 80' lang='grc'>323</span> <span class='ocrx_word' id='word_1_268' title='bbox 734 3403 794 3461; x_wconf 89' lang='lat' dir='ltr'>seq.</span> <span class='ocrx_word' id='word_1_269' title='bbox 809 3401 897 3459; x_wconf 86' lang='lat' dir='ltr'>quem</span> <span class='ocrx_word' id='word_1_270' title='bbox 907 3381 1025 3457; x_wconf 82' lang='lat' dir='ltr'>egregie</span> <span class='ocrx_word' id='word_1_271' title='bbox 1038 3381 1156 3459; x_wconf 89' lang='lat' dir='ltr'>quidem</span> <span class='ocrx_word' id='word_1_272' title='bbox 1166 3393 1242 3442; x_wconf 83' lang='lat' dir='ltr'>trac-</span> 
     </span>
    </p>
   </div>
   <div class='ocr_carea' id='block_1_3' title="bbox 104 3482 1243 3855">
    <p class='ocr_par' dir='ltr' id='par_1_4' title="bbox 104 3482 1243 3855">
     <span class='ocr_line' id='line_1_30' title="bbox 104 3482 1243 3567; baseline -0.005 -17"><span class='ocrx_word' id='word_1_273' title='bbox 104 3503 199 3550; x_wconf 78' lang='lat' dir='ltr'>tetum</span> <span class='ocrx_word' id='word_1_274' title='bbox 210 3503 418 3567; x_wconf 72' lang='lat' dir='ltr'>onustumque,</span> <span class='ocrx_word' id='word_1_275' title='bbox 437 3499 467 3546; x_wconf 84' lang='lat' dir='ltr'>at</span> <span class='ocrx_word' id='word_1_276' title='bbox 480 3487 591 3546; x_wconf 87' lang='lat' dir='ltr'>inventi</span> <span class='ocrx_word' id='word_1_277' title='bbox 607 3485 766 3546; x_wconf 85' lang='lat' dir='ltr'>subtilitate</span> <span class='ocrx_word' id='word_1_278' title='bbox 786 3482 833 3542; x_wconf 92' lang='lat' dir='ltr'>vel</span> <span class='ocrx_word' id='word_1_279' title='bbox 849 3482 975 3542; x_wconf 85' lang='lat' dir='ltr'>sollertis</span> <span class='ocrx_word' id='word_1_280' title='bbox 988 3503 1046 3542; x_wconf 94' lang='lat' dir='ltr'>non</span> <span class='ocrx_word' id='word_1_281' title='bbox 1060 3482 1133 3543; x_wconf 88' lang='lat' dir='ltr'>adeo</span> <span class='ocrx_word' id='word_1_282' title='bbox 1152 3485 1243 3564; x_wconf 87' lang='lat' dir='ltr'>insig-</span> 
     </span>
     <span class='ocr_line' id='line_1_31' title="bbox 104 3577 1242 3665; baseline -0.003 -21"><span class='ocrx_word' id='word_1_283' title='bbox 104 3607 176 3644; x_wconf 91' lang='lat' dir='ltr'>nem</span> <span class='ocrx_word' id='word_1_284' title='bbox 195 3607 265 3657; x_wconf 88' lang='lat' dir='ltr'>esse,</span> <span class='ocrx_word' id='word_1_285' title='bbox 280 3588 344 3665; x_wconf 85' lang='lat' dir='ltr'>jam</span> <span class='ocrx_word' id='word_1_286' title='bbox 365 3584 479 3646; x_wconf 88' lang='lat' dir='ltr'>monuit</span> <span class='ocrx_word' id='word_1_287' title='bbox 501 3585 616 3662; x_wconf 85' lang='lat' dir='ltr'>Heyne.</span> <span class='ocrx_word' id='word_1_288' title='bbox 659 3581 706 3643; x_wconf 85' lang='lat' dir='ltr'>Cl.</span> <span class='ocrx_word' id='word_1_289' title='bbox 721 3580 758 3638; x_wconf 86' lang='lat' dir='ltr'>sd</span> <span class='ocrx_word' id='word_1_290' title='bbox 773 3599 800 3636; x_wconf 92' lang='grc' dir='ltr'>ν.</span> <span class='ocrx_word' id='word_1_291' title='bbox 815 3577 863 3638; x_wconf 74' lang='lat'>62.</span> <span class='ocrx_word' id='word_1_292' title='bbox 906 3577 1066 3656; x_wconf 77' lang='lat' dir='ltr'>Virgilius,</span> <span class='ocrx_word' id='word_1_293' title='bbox 1079 3581 1103 3638; x_wconf 92' lang='lat' dir='ltr'>si</span> <span class='ocrx_word' id='word_1_294' title='bbox 1123 3581 1242 3641; x_wconf 88' lang='lat' dir='ltr'>Donsto</span> 
     </span>
     <span class='ocr_line' id='line_1_32' title="bbox 105 3675 1242 3759; baseline -0.007 -18"><span class='ocrx_word' id='word_1_295' title='bbox 105 3684 183 3741; x_wconf 82' lang='lat' dir='ltr'>fides</span> <span class='ocrx_word' id='word_1_296' title='bbox 203 3683 334 3742; x_wconf 77' lang='lat' dir='ltr'>habende</span> <span class='ocrx_word' id='word_1_297' title='bbox 356 3683 386 3739; x_wconf 90' lang='lat' dir='ltr'>in</span> <span class='ocrx_word' id='word_1_298' title='bbox 408 3681 467 3740; x_wconf 87' lang='lat' dir='ltr'>vitu</span> <span class='ocrx_word' id='word_1_299' title='bbox 489 3681 554 3759; x_wconf 88' lang='lat' dir='ltr'>ejus</span> <span class='ocrx_word' id='word_1_300' title='bbox 575 3700 599 3738; x_wconf 87' lang='lat' dir='ltr'>c.</span> <span class='ocrx_word' id='word_1_301' title='bbox 615 3678 653 3747; x_wconf 91' lang='grc'>6.,</span> <span class='ocrx_word' id='word_1_302' title='bbox 671 3675 797 3756; x_wconf 80' lang='lat' dir='ltr'>possedit</span> <span class='ocrx_word' id='word_1_303' title='bbox 813 3695 902 3754; x_wconf 84' lang='lat' dir='ltr'>prope</span> <span class='ocrx_word' id='word_1_304' title='bbox 921 3677 1022 3734; x_wconf 83' lang='lat' dir='ltr'>centies</span> <span class='ocrx_word' id='word_1_305' title='bbox 1034 3678 1186 3736; x_wconf 84' lang='lat' dir='ltr'>sestertium</span> <span class='ocrx_word' id='word_1_306' title='bbox 1205 3697 1242 3736; x_wconf 77' lang='lat' dir='ltr'>es</span> 
     </span>
     <span class='ocr_line' id='line_1_33' title="bbox 105 3773 1242 3855; baseline -0.005 -17"><span class='ocrx_word' id='word_1_307' title='bbox 105 3779 274 3838; x_wconf 72' lang='lat' dir='ltr'>libmulitote</span> <span class='ocrx_word' id='word_1_308' title='bbox 285 3779 444 3848; x_wconf 78' lang='lat' dir='ltr'>omieomm,</span> <span class='ocrx_word' id='word_1_309' title='bbox 463 3777 610 3855; x_wconf 81' lang='lat' dir='ltr'>habuitque</span> <span class='ocrx_word' id='word_1_310' title='bbox 624 3777 732 3834; x_wconf 86' lang='lat' dir='ltr'>domum</span> <span class='ocrx_word' id='word_1_311' title='bbox 746 3774 843 3832; x_wconf 81' lang='lat' dir='ltr'>Roruae</span> <span class='ocrx_word' id='word_1_312' title='bbox 856 3773 886 3830; x_wconf 90' lang='lat' dir='ltr'>iu</span> <span class='ocrx_word' id='word_1_313' title='bbox 900 3773 1036 3852; x_wconf 82' lang='lat' dir='ltr'>Esquiliis</span> <span class='ocrx_word' id='word_1_314' title='bbox 1046 3775 1136 3852; x_wconf 77' lang='lat' dir='ltr'>justo</span> <span class='ocrx_word' id='word_1_315' title='bbox 1150 3774 1242 3832; x_wconf 74' lang='lat' dir='ltr'>hortm</span> 
     </span>
    </p>
   </div>
   <div class='ocr_carea' id='block_1_4' title="bbox 98 3873 1242 4271">
    <p class='ocr_par' dir='ltr' id='par_1_5' title="bbox 98 3873 1242 4271">
     <span class='ocr_line' id='line_1_34' title="bbox 104 3873 1241 3961; baseline -0.011 -19"><span class='ocrx_word' id='word_1_316' title='bbox 104 3883 281 3952; x_wconf 63' lang='lat' dir='ltr'>strumam,</span> <span class='ocrx_word' id='word_1_317' title='bbox 305 3901 472 3961; x_wconf 71' lang='lat' dir='ltr'>quostquam</span> <span class='ocrx_word' id='word_1_318' title='bbox 493 3899 599 3938; x_wconf 83' lang='lat' dir='ltr'>secessu</span> <span class='ocrx_word' id='word_1_319' title='bbox 619 3875 735 3935; x_wconf 82' lang='lat' dir='ltr'>invilla</span> <span class='ocrx_word' id='word_1_320' title='bbox 751 3873 922 3952; x_wconf 70' lang='lat' dir='ltr'>Conponite,</span> <span class='ocrx_word' id='word_1_321' title='bbox 944 3894 1003 3932; x_wconf 92' lang='lat' dir='ltr'>non</span> <span class='ocrx_word' id='word_1_322' title='bbox 1023 3874 1111 3951; x_wconf 88' lang='lat' dir='ltr'>longe</span> <span class='ocrx_word' id='word_1_323' title='bbox 1124 3895 1142 3932; x_wconf 87' lang='lat' dir='ltr'>s</span> <span class='ocrx_word' id='word_1_324' title='bbox 1156 3873 1241 3945; x_wconf 77' lang='lat' dir='ltr'>Nola,</span> 
     </span>
     <span class='ocr_line' id='line_1_35' title="bbox 101 3977 1242 4064; baseline -0.009 -20"><span class='ocrx_word' id='word_1_325' title='bbox 101 3988 147 4064; x_wconf 86' lang='lat' dir='ltr'>(v.</span> <span class='ocrx_word' id='word_1_326' title='bbox 175 3985 251 4045; x_wconf 88' lang='lat' dir='ltr'>Gell.</span> <span class='ocrx_word' id='word_1_327' title='bbox 274 3985 347 4054; x_wconf 94' lang='lat' dir='ltr'>Vll,</span> <span class='ocrx_word' id='word_1_328' title='bbox 372 3987 436 4063; x_wconf 74' lang='lat'><strong>20.)</strong></span> <span class='ocrx_word' id='word_1_329' title='bbox 460 3983 617 4060; x_wconf 82' lang='lat' dir='ltr'>Sicilioeque</span> <span class='ocrx_word' id='word_1_330' title='bbox 634 3980 785 4060; x_wconf 84' lang='lat' dir='ltr'>plurimum</span> <span class='ocrx_word' id='word_1_331' title='bbox 809 3985 939 4036; x_wconf 82' lang='lat' dir='ltr'>uteretur.</span> <span class='ocrx_word' id='word_1_332' title='bbox 981 3977 1127 4034; x_wconf 89' lang='lat' dir='ltr'>Eumdem</span> <span class='ocrx_word' id='word_1_333' title='bbox 1143 3986 1242 4034; x_wconf 79' lang='lat' dir='ltr'>tumen</span> 
     </span>
     <span class='ocr_line' id='line_1_36' title="bbox 99 4077 1241 4164; baseline -0.016 -18"><span class='ocrx_word' id='word_1_334' title='bbox 99 4091 181 4147; x_wconf 81' lang='lat' dir='ltr'>farne</span> <span class='ocrx_word' id='word_1_335' title='bbox 195 4102 227 4146; x_wconf 91' lang='lat' dir='ltr'>et</span> <span class='ocrx_word' id='word_1_336' title='bbox 242 4088 367 4156; x_wconf 86' lang='lat' dir='ltr'>miseria,</span> <span class='ocrx_word' id='word_1_337' title='bbox 383 4105 466 4164; x_wconf 85' lang='lat' dir='ltr'>aeque</span> <span class='ocrx_word' id='word_1_338' title='bbox 481 4091 519 4144; x_wconf 88' lang='lat' dir='ltr'>sc&#39;</span> <span class='ocrx_word' id='word_1_339' title='bbox 530 4083 696 4151; x_wconf 83' lang='lat' dir='ltr'>Horatium,</span> <span class='ocrx_word' id='word_1_340' title='bbox 716 4081 754 4139; x_wconf 86' lang='lat' dir='ltr'>sd</span> <span class='ocrx_word' id='word_1_341' title='bbox 767 4098 869 4137; x_wconf 89' lang='lat' dir='ltr'>versus</span> <span class='ocrx_word' id='word_1_342' title='bbox 884 4077 1051 4137; x_wconf 89' lang='lat' dir='ltr'>scribendos</span> <span class='ocrx_word' id='word_1_343' title='bbox 1067 4077 1156 4137; x_wconf 84' lang='lat' dir='ltr'>fuisse</span> <span class='ocrx_word' id='word_1_344' title='bbox 1175 4097 1241 4155; x_wconf 81' lang='lat' dir='ltr'>per..</span> 
     </span>
     <span class='ocr_line' id='line_1_37' title="bbox 98 4178 1242 4271; baseline -0.012 -20"><span class='ocrx_word' id='word_1_345' title='bbox 98 4191 235 4271; x_wconf 85' lang='lat' dir='ltr'>pulsum,</span> <span class='ocrx_word' id='word_1_346' title='bbox 248 4187 439 4248; x_wconf 75' lang='lat' dir='ltr'>Gruninsutici</span> <span class='ocrx_word' id='word_1_347' title='bbox 450 4207 487 4246; x_wconf 87' lang='lat' dir='ltr'>ex</span> <span class='ocrx_word' id='word_1_348' title='bbox 499 4185 610 4262; x_wconf 85' lang='lat' dir='ltr'>Ecloge</span> <span class='ocrx_word' id='word_1_349' title='bbox 619 4181 714 4260; x_wconf 87' lang='lat' dir='ltr'>prims</span> <span class='ocrx_word' id='word_1_350' title='bbox 724 4200 877 4261; x_wconf 82' lang='lat' dir='ltr'>perperam</span> <span class='ocrx_word' id='word_1_351' title='bbox 888 4178 1071 4254; x_wconf 82' lang='lat' dir='ltr'>colligebant</span> <span class='ocrx_word' id='word_1_352' title='bbox 1082 4180 1123 4255; x_wconf 90' lang='lat' dir='ltr'>(v.</span> <span class='ocrx_word' id='word_1_353' title='bbox 1134 4178 1242 4257; x_wconf 88' lang='lat' dir='ltr'>Heyne</span> 
     </span>
    </p>
   </div>
   <div class='ocr_carea' id='block_1_5' title="bbox 98 4380 1239 4522">
    <p class='ocr_par' dir='ltr' id='par_1_6' title="bbox 98 4380 1239 4522">
     <span class='ocr_line' id='line_1_38' title="bbox 131 4380 1239 4454; baseline -0.007 -15"><span class='ocrx_word' id='word_1_354' title='bbox 131 4397 152 4426; x_wconf 77' lang='lat'>¹³</span> <span class='ocrx_word' id='word_1_355' title='bbox 170 4411 193 4440; x_wconf 73' lang='lat' dir='ltr'>v.</span> <span class='ocrx_word' id='word_1_356' title='bbox 214 4394 304 4454; x_wconf 77' lang='lat' dir='ltr'>lloyne</span> <span class='ocrx_word' id='word_1_357' title='bbox 321 4393 350 4440; x_wconf 80' lang='lat' dir='ltr'>ud</span> <span class='ocrx_word' id='word_1_358' title='bbox 371 4391 506 4453; x_wconf 78' lang='lat' dir='ltr'>Apollodor.</span> <span class='ocrx_word' id='word_1_359' title='bbox 525 4390 576 4446; x_wconf 92' lang='lat' dir='ltr'>lll‚</span> <span class='ocrx_word' id='word_1_360' title='bbox 594 4394 617 4444; x_wconf 75' lang='lat'>4,</span> <span class='ocrx_word' id='word_1_361' title='bbox 634 4393 657 4436; x_wconf 79' lang='lat'>3.</span> <span class='ocrx_word' id='word_1_362' title='bbox 695 4383 817 4449; x_wconf 79' lang='lat' dir='ltr'>symbolik</span> <span class='ocrx_word' id='word_1_363' title='bbox 835 4384 865 4432; x_wconf 88' lang='lat' dir='ltr'>T.</span> <span class='ocrx_word' id='word_1_364' title='bbox 887 4382 940 4430; x_wconf 91' lang='lat' dir='ltr'>lll.</span> <span class='ocrx_word' id='word_1_365' title='bbox 960 4397 983 4441; x_wconf 87' lang='lat' dir='ltr'>p.</span> <span class='ocrx_word' id='word_1_366' title='bbox 1000 4385 1052 4430; x_wconf 85' lang='grc'><strong>116.</strong></span> <span class='ocrx_word' id='word_1_367' title='bbox 1074 4385 1126 4430; x_wconf 82' lang='grc'><strong>158.</strong></span> <span class='ocrx_word' id='word_1_368' title='bbox 1147 4380 1175 4430; x_wconf 90' lang='grc' dir='ltr'>Τ.</span> <span class='ocrx_word' id='word_1_369' title='bbox 1192 4382 1239 4431; x_wconf 80' lang='lat' dir='ltr'>lv.</span> 
     </span>
     <span class='ocr_line' id='line_1_39' title="bbox 98 4451 1014 4522; baseline -0.016 -14"><span class='ocrx_word' id='word_1_370' title='bbox 98 4473 122 4508; x_wconf 81' lang='lat' dir='ltr'>er</span> <span class='ocrx_word' id='word_1_371' title='bbox 145 4459 178 4508; x_wconf 80' lang='lat' dir='ltr'>ud</span> <span class='ocrx_word' id='word_1_372' title='bbox 201 4461 272 4522; x_wconf 82' lang='lat' dir='ltr'>Virg.</span> <span class='ocrx_word' id='word_1_373' title='bbox 296 4460 354 4506; x_wconf 84' lang='lat' dir='ltr'>AEn.</span> <span class='ocrx_word' id='word_1_374' title='bbox 379 4458 426 4514; x_wconf 91' lang='lat' dir='ltr'>Vl,</span> <span class='ocrx_word' id='word_1_375' title='bbox 446 4463 500 4506; x_wconf 73' lang='grc'>806.</span> <span class='ocrx_word' id='word_1_376' title='bbox 539 4453 661 4504; x_wconf 80' lang='lat' dir='ltr'>Creuser&#39;s</span> <span class='ocrx_word' id='word_1_377' title='bbox 694 4454 940 4512; x_wconf 66' lang='lat' dir='ltr'>unumunurm</span> <span class='ocrx_word' id='word_1_378' title='bbox 960 4451 1014 4496; x_wconf 77' lang='lat'><em>255.</em></span> 
     </span>
    </p>
   </div>
   <div class='ocr_carea' id='block_1_6' title="bbox 0 0 1583 5250">
    <p class='ocr_par' dir='ltr' id='par_1_7' title="bbox 0 0 1583 5250">
     <span class='ocr_line' id='line_1_40' title="bbox 0 0 1583 5250; baseline 0 0"><span class='ocrx_word' id='word_1_379' title='bbox 0 0 1583 5250; x_wconf 95' lang='lat' dir='ltr'> </span> 
     </span>
    </p>
   </div>
  </div>
 </body>
</html>
