3100 5250
463 427 515 494 IN
534 427 700 494 JUVEN.
723 411 825 493 sA'T.
852 427 880 492 1.
1203 429 1242 490 lt

96 613 124 662 et
135 600 233 676 law»
251 610 282 664 2.
326 603 416 666 Forte
428 613 528 664 tamen
541 615 628 684 poeta
648 623 707 664 non
720 603 760 664 od
774 620 869 663 onum
882 601 1013 680 aliquem
1028 600 1159 680 respexit
1169 599 1245 660 dela·

96 711 195 768 torem,
217 699 277 760 ead
301 698 341 758 ed
360 699 469 779 plures,
494 721 623 781 quorum
645 721 787 764 numerus
805 714 870 761 turn
890 700 923 760 in
935 699 1000 759 diea
1013 698 1077 758 fere
1091 699 1247 768 oreaoebot,

95 801 204 882 quique
229 821 296 862 nou
314 802 405 862 modo
423 805 461 863 eb
479 803 553 875 eliis,
579 805 631 864 red
649 805 726 866 ulter
738 825 858 885 quoque
870 807 909 866 eb
928 801 1030 871 altero,
1045 800 1249 875 timebantur3

96 899 173 960 ande
186 918 217 958 v.
234 905 287 960 35.
363 919 439 980 quera
446 899 551 960 Marso
561 901 636 962 timet
644 913 699 964 eet
708 914 739 963 et
752 904 891 964 Sidoniua
906 901 1000 981 api-t
1010 899 1050 973 V,
1063 907 1092 966 7·
1113 897 1162 956 HI
1173 905 1251 970 ⁸⁸⁸1.

95 1019 161 1082 quor
175 1000 281 1062 liment
294 1001 374 1062 diora
387 1001 434 1082 qur'
446 1002 585 1062 timentur.
595 1005 787 1066 -oobr‘lr'late
799 1026 915 1076 cornero,
935 1004 1021 1064 boola
1040 1001 1102 1062 uuis
1115 999 1252 1079 apoliata.

94 1107 266 1178 raptum,-
290 1097 455 1176 ingratiam
471 1098 697 1180 Imperatorum,
718 1115 749 1164 et
769 1105 816 1163 sui
836 1123 956 1183 quoque
974 1099 1121 1162 commodi
1141 1118 1248 1158 oauaa:

94 1220 170 1260 narn
185 1199 328 1260 delatores
342 1200 374 1259 in
387 1212 503 1280 partem
516 1203 626 1282 prmdee
640 1205 805 1265 veniebant.
887 1205 990 1264 Merra
999 1202 1109 1263 Bebiua
1121 1200 1170 1261 vel
1183 1200 1250 1258 1³ae-

97 1300 176 1369 uu.
197 1299 319 1370 reum,
341 1300 512 1362 memus
532 1286 659 1368 εῖτ...
681 1305 761 1366 ruse
786 1303 839 1387 iv,
861 1311 910 1364 50.
924 1302 1029 1364 evm
1042 1300 1144 1380 Agrie.
1159 1305 1250 1360 err.

97 1396 173 1458 Plio.
189 1396 251 1476 Ep.
263 1397 323 1467 111,
338 1405 367 1458 u
382 1398 439 1470 v1,
453 1407 502 1468 29.
518 1400 588 1473 VII,
604 1409 652 1462 ³3.
730 1401 835 1472 Com,
850 1402 961 1462 MetIua
975 1422 998 1460 a.
1012 1397 1251 1466 Mettiuecmur,

94 1499 278 1562 eorumdem
297 1509 463 1582 temporum
484 1500 606 1573 delator,
628 1503 666 1562 de
686 1524 746 1583 quo
767 1525 795 1563 v.
811 1503 887 1566 Plin-
905 1503 960 1584 Ep.
976 1503 1002 1574 1,
1017 1508 1046 1562 5.
1067 1499 1141 1569 Vll,
1158 1507 1204 1569 19·
1221 1509 1252 1560 et

97 1605 149 1665 27.
160 1597 237 1658 Tae.
248 1598 301 1658 vit.
310 1596 410 1676 Agrio.
424 1619 450 1659 o.
465 1607 514 1660 45.
527 1600 655 1660 Martial.
664 1601 738 1672 XII,
757 1609 807 1671 25,
823 1608 852 1661 5.
926 1619 1007 1679 quem
1016 1618 1131 1659 munere
1139 1596 1253 1676 palpet,

97 1693 228 1754 delinire
243 1706 373 1766 emetur,
387 1696 437 1758 cui
450 1696 603 1780 blanditur
615 1699 790 1760 muneribus
801 1697 920 1769 mieeia3
943 1693 1055 1756 locutio
1068 1695 1203 1756 deoumta
1215 1693 1254 1752 eb

96 1792 193 1872 equis,
210 1792 265 1874 qui
280 1793 412 1872 palpari,
430 1793 533 1874 ploudr'
552 1807 583 1856 et
601 1797 716 1860 mulceri
728 1797 866 1857 manebus
881 1807 990 1856 emant.
1004 1815 1034 1854 v.
1048 1793 1143 1854 Drak·
1157 1802 1188 1853 et
1200 1809 1254 1851 noa

97 1895 134 1954 ed
148 1895 201 1956 Sil.
217 1897 276 1968 IV,
290 1895 362 1957 264.
405 1897 487 1958 Hinc
507 1907 538 1958 et
558 1899 663 1961 Horat.
686 1901 778 1960 Serm.
801 1901 845 1971 ΙΙ,
867 1909 896 1972 1,
917 1907 966 1960 20.
988 1896 1080 1960 dixit:
1105 1895 1161 1956 Cui
1175 1895 1255 1974 (Au-

100 2000 199 2078 gusto)
221 2000 300 2060 male
319 1999 346 2059 ri
362 1999 490 2080 polpene,
511 2002 667 2064 recalcitret
687 2005 810 2086 trudique
822 2010 908 2064 tutae.
950 2003 997 2062 cf.
1011 2002 1051 2062 ad
1064 2000 1119 2073 vl,
1134 2007 1203 2060 586
1213 2032 1256 2050 -

101 2100 144 2162 36.
163 2101 305 2173 Latinus,
320 2102 440 2176 mimus,
454 2103 638 2182 gratissimus
652 2108 833 2177 Domitiano,
847 2117 878 2168 et
894 2107 1034 2188 lerrelc,
1045 2103 1256 2186 epectedaaima

101 2198 185 2258 nima
199 2208 235 2258 et
249 2197 384 2258 uduoix
396 2220 406 2270 ;
427 2199 589 2278 dequibus
608 2223 638 2264 v.
652 2204 708 2274 VI,
722 2202 771 2264 66.
786 2203 879 2276 VIII,
900 2211 968 2273 197.
1009 2203 1129 2262 Sueten.
1143 2201 1257 2261 Domit.

102 2308 143 2360 15.
158 2311 194 2362 et
207 2299 346 2361 Martial.
360 2300 387 2370 l,
402 2307 430 2360 5.
452 2301 509 2370 IX,
523 2310 573 2372 29.
597 2333 600 2340 Δ
614 2304 736 2367 Mulieri
746 2325 857 2364 nomen
872 2307 912 2364 ab
930 2317 992 2366 arte
1004 2305 1119 2364 aoeuioo
1131 2304 1259 2363 inditum

99 2411 236 2481 putent:
258 2419 330 2458 narn
342 2397 447 2471 §velle
460 2401 568 2460 dieitur
577 2401 730 2480 pulpitum
743 2425 766 2464 s.
781 2425 833 2465 ora
847 2405 966 2475 theatri,
979 2403 1027 2465 vel
1039 2403 1130 2483 hujua
1143 2423 1211 2483 pare
1224 2403 1262 2466 ad

101 2523 231 2572 scenam,
250 2502 305 2564 ubi
319 2501 398 2562 forte
412 2501 476 2562 oeni
490 2513 521 2562 et
533 2502 631 2564 saltari
646 2504 765 2575 solebat,
787 2506 869 2567 unde
888 2504 1062 2586 listellam
1074 2505 1114 2566 id.
1128 2506 1178 2586 qd.
1199 2525 1261 2564 aoe-

104 2603 212 2672 aioum,
228 2600 271 2660 de
293 2620 357 2681 quo
371 2619 399 2659 v.
414 2598 516 2659 Sidou.
538 2601 597 2681 Ep.
611 2601 668 2673 IX,
692 2609 738 2673 13,
760 2609 791 2663 2.
812 2613 843 2663 et
869 2602 985 2663 Vitruv.
1007 2601 1045 2673 V,
1066 2609 1095 2662 8.
1114 2602 1259 2676 mbnisra,

106 2705 198 2777 mine,
220 2715 259 2765 ut
272 2703 325 2763 elii
339 2712 456 2782 putant,
478 2702 518 2763 ad
532 2696 659 2773 coitum,'
680 2714 713 2765 ut
725 2704 784 2775 alir',
806 2714 842 2765 ut
853 2704 1025 2765 muuenlroa
1045 2724 1114 2766 eum
1128 2704 1259 2784 pleoaret
1368 2716 1375 2728 ⁸

111 2802 153 2863 rel
166 2802 307 2863 fecundia
320 2800 370 2860 vel
384 2799 545 2860 blanditiis.
556 2800 653 2861 -Ex
668 2802 755 2861 docta
770 2812 872 2862 eutem
893 2799 1060 2863 Heiorichii
1080 2814 1258 2863 oommenta·

110 2906 183 2965 tione
197 2904 387 2984 exoerpImue
401 2924 445 2975 eo,
465 2903 575 2983 quibus
589 2914 619 2963 et
632 2904 682 2965 hic
701 2914 732 2965 et
750 2903 801 2964 alii
823 2916 918 2984 poete
938 2904 996 2965 Iooi
1014 2904 1179 2965 admirator
1196 2926 1259 2967 aoe-

112 3021 234 3083 mmque
246 3012 414 3083 spectantes
426 3000 628 3066 illustrantur:
651 3010 672 3038 “
686 3003 829 3062 Peraeuta
842 3012 887 3061 eat
901 3000 1035 3062 Turnebi
1049 3000 1176 3061 Advera.
1192 3002 1260 3075 XX,

114 3106 139 3159 8.
151 3094 328 3161 oblervauo.
373 3098 527 3179 [Thymele
540 3100 640 3172 mima,
658 3118 726 3179 quae
746 3118 815 3159 cum
836 3097 943 3157 latino
961 3117 1042 3179 aaepe
1062 3108 1181 3175 geatum
1192 3116 1261 3177 ege-

115 3202 169 3263 bat.
211 3202 300 3265 Mimi
314 3202 407 3282 igitur
419 3213 630 3281 argumentum
644 3200 706 3281 egit
719 3221 789 3261 curn
802 3222 838 3260 ee
850 3199 986 3269 Iatinua,
1007 3198 1040 3259 in
1060 3219 1121 3279 quo
1136 3220 1204 3259 oum
1217 3220 1261 3271 ea,

116 3319 148 3367 ut
159 3306 253 3367 aliene
267 3325 370 3377 uxore,
383 3304 518 3367 moeehue
531 3324 617 3385 paene
629 3302 917 3383 deprehendebatur,
944 3300 993 3361 vel
1008 3301 1114 3363 marito
1127 3302 1165 3363 de
1177 3302 1263 3363 erlul-

118 3405 187 3467 terio
207 3406 378 3487 aliquorum
401 3402 547 3465 delatione
571 3414 724 3483 erupectue
747 3414 811 3463 erat
820 3426 833 3477 3
857 3400 910 3462 aed
930 3398 1060 3461 dolosam
1082 3412 1114 3463 et
1134 3414 1261 3465 aunum

121 3509 259 3574 mochum
273 3509 312 3571 ad
326 3508 467 3569 morimur
479 3506 627 3587 allegavit,
649 3528 716 3587 qum
730 3506 758 3567 ei
771 3527 806 3567 oo
819 3504 980 3567 sublineret
992 3516 1023 3567 et
1034 3506 1167 3586 periculo
1181 3506 1263 3567 Lati·

121 3623 232 3675 namet
245 3612 370 3675 erimine
383 3610 534 3673 exureret
576 3610 614 3670 ld
633 3609 727 3689 igitur
747 3609 843 3670 laeete
865 3609 1018 3671 Iuvenalis
1040 3610 1080 3670 ad
1098 3622 1264 3673 extremum

118 3708 188 3787 jecit
205 3730 242 3773 er
263 3718 440 3789 argumento
460 3706 604 3771 uotiuumi
624 3706 676 3767 illa
695 3716 870 3787 tempestate
888 3706 989 3768 mimir
1014 3708 1265 3787 quemadmodum

123 3809 245 3876 huon·
257 3812 454 3893 depremtrioe
467 3810 583 3876 moecho
599 3820 645 3871 eat
657 3830 739 3879 usus,
760 3809 803 3872 aie
820 3829 878 3895 pro
896 3809 1083 3890 sequendam
1096 3812 1135 3873 od
1152 3810 1265 3871 deleto-

122 3926 186 3969 rem
199 3909 373 3989 plaerndom
386 3909 590 3990 deprecatores
603 3906 747 3987 mittere]
794 3907 871 3967 Haeo
884 3907 933 3967 ille
946 3907 1058 3987 optim
1069 3928 1139 3969 oum
1152 3907 1266 3969 ratione

123 4024 176 4067 neo
189 4006 255 4067 eine
267 4005 416 4086 eleg-ntis,
458 4006 527 4079 Sed,
542 4005 624 4087 quod
638 4004 702 4084 ejus
720 4003 813 4065 eciem
833 4004 939 4085 effugit
957 4014 988 4063 et
1006 4003 1203 4066 neceesarium
1221 4016 1266 4077 eet

124 4108 161 4167 ad
171 4110 380 4189 perfectionem
393 4108 555 4181 renuntio,
569 4108 600 4167 h.
614 4107 634 4167 l
647 4107 827 4188 legendum:
854 4114 885 4165 ut
897 4126 918 4169 o
931 4106 1040 4186 trepido
1057 4105 1188 4185 Thymele
1199 4108 1265 4169 aab·

124 4208 203 4271 nt'teo
218 4211 332 4273 latino·
373 4212 456 4273 Dicit
469 4210 629 4271 delatorem
642 4219 793 4289 potentem
807 4227 843 4269 ac
855 4228 977 4277 aevum,
991 4208 1044 4287 qui
1057 4208 1096 4265 ab
1108 4206 1173 4268 aliia
1185 4209 1265 4271 dela.

26 4353 31 4394 ,
124 4313 231 4375 toruus
244 4316 375 4386 timetur,
391 4332 540 4393 quemque
551 4312 650 4391 iprum
664 4310 837 4380 muneribuo
846 4308 948 4389 palpet
960 4308 1045 4379 oliuo,
1059 4328 1198 4392 peraeque
1209 4313 1266 4374 hu.

127 4415 227 4478 militer
240 4429 271 4479 ot
284 4417 409 4497 abjecte,
434 4434 524 4497 quern
544 4414 615 4480 feeit
635 4415 666 4477 iu
687 4414 779 4477 mimo
797 4410 956 4480 uotiuimo·
966 4410 1108 4487 adultera,
1126 4416 1215 4482 miaea
1226 4419 1265 4482 rb
