3100 5250
238 470 250 493 .
285 442 350 501 512
660 434 1054 504 COMMENTARIUS

284 629 362 681 rum,
383 609 482 669 ductus
500 630 608 682 acervo,
628 610 757 671 multum
777 612 859 671 abest
875 629 893 669 a
909 630 1024 671 summo
1042 609 1211 670 infortunio.
1223 644 1264 657 -
1279 618 1326 670 11.
1349 612 1430 669 Fla-

281 712 420 792 grarrtr'or,
433 711 534 784 acrior,
548 713 756 774 vehementior.
800 722 846 773 12.
861 714 944 773 conf.
959 712 1065 773 Horat.
1080 712 1178 793 Epori
1192 712 1231 783 X,
1247 721 1293 779 17.
1305 724 1338 803 st
1351 714 1425 772 Seu.

284 814 341 893 Ep.
361 824 409 885 99.
502 816 624 885 vulnere,
644 815 760 875 damno.
813 823 858 877 13.
876 824 921 875 14.
942 817 1062 895 Junge:
1080 814 1256 895 particulam
1278 815 1427 885 molam,
1521 862 1522 865 η

282 916 406 997 quamuis
418 918 557 977 mirumst
569 916 669 977 levium
681 918 870 999 exiguamque,
885 918 933 979 vir
942 917 1029 995 ferre
1037 926 1127 997 poter,
1141 917 1258 977 Ardere
1273 916 1424 977 risam'bur

280 1018 479 1099 spumantibus,
500 1021 690 1081 mutuantibus
709 1020 769 1081 bile
782 1032 812 1081 et
825 1022 878 1093 ira,
899 1019 930 1079 in
944 1040 1003 1099 qua
1016 1019 1134 1100 sanguis
1148 1022 1188 1079 ab
1202 1018 1273 1079 imis
1295 1040 1420 1099 pracor-

281 1118 337 1177 diia
351 1130 499 1179 exastuat.
539 1119 623 1179 eunt.
637 1118 677 1179 ad
690 1118 715 1190 1,
730 1126 829 1179 45.-·
839 1119 885 1181 16.
907 1118 1080 1199 Depositum,
1094 1117 1247 1199 quidquid
1260 1118 1423 1179 mustodien·

280 1216 354 1277 dum
373 1217 460 1277 alicui
479 1216 583 1277 datum
602 1228 656 1288 est,
686 1218 910 1300 παρακαταθήκη,
932 1238 1052 1288 sacrorn
1073 1230 1173 1277 sancte
1192 1216 1377 1277 servandum
1395 1230 1424 1279 et

281 1320 477 1391 reddendum,
492 1319 539 1380 val
553 1322 592 1380 ob
607 1319 817 1400 jusjurandum
834 1320 1050 1400 interpositum,
1072 1320 1120 1380 val
1132 1339 1172 1379 ne
1185 1319 1313 1380 tollatur
1324 1321 1423 1381 amici·

279 1420 330 1491 tia,
357 1422 430 1481 fides
453 1422 579 1483 violetur
599 1433 630 1482 et
652 1422 762 1483 amicus
784 1422 924 1483 afficiatur
943 1422 1051 1504 injuria
1070 1443 1104 1483 sc
1124 1422 1246 1495 darum,
1269 1443 1331 1503 qno
1349 1423 1422 1483 nihil

280 1516 430 1579 scelestius
445 1529 497 1579 est

322 1620 449 1683 16-22.
470 1622 551 1682 Talis
569 1622 650 1683 fraus
669 1641 729 1681 non
748 1622 823 1683 mira
843 1622 936 1682 videri
956 1622 1044 1683 debet
1063 1622 1187 1693 homini,
1207 1621 1301 1701 longo
1322 1642 1423 1683 rerum

278 1742 336 1783 usu
348 1725 461 1794 edocto,
475 1724 525 1783 cui
537 1722 682 1804 ejusmodi
695 1722 850 1785 maiatum
864 1734 934 1785 noto
946 1727 1004 1785 sint
1017 1745 1052 1786 sc
1064 1724 1217 1785 familimia
1229 1742 1349 1784 necasse
1362 1735 1420 1797 est,

276 1838 342 1887 tum
354 1847 442 1905 mquo
454 1826 577 1887 ferenda
590 1826 697 1887 animo.
733 1827 770 1886 ln
784 1826 1010 1907 interrogatione
1023 1828 1117 1909 major
1131 1828 1174 1887 vis
1185 1828 1266 1887 inest.
1343 1828 1417 1888 Sta-

272 1938 324 2009 pet
343 1930 411 2000 ioec,
431 1940 466 1990 ut
478 1950 543 2009 sup.
559 1930 613 1999 1v,
630 1938 698 1999 119.
718 1930 771 1989 ubi
785 1950 814 1988 v.
827 1942 887 1991 not.
964 1938 1031 2009 port
1044 1938 1126 2009 terga
1139 1928 1295 2008 relinquere,
1315 1926 1410 1987 confi-

277 2048 354 2101 cere,
374 2038 409 2087 ut
427 2047 481 2087 nos
500 2026 645 2089 dicimus:
665 2026 826 2087 im‘riiolsen
847 2028 946 2089 habers.
990 2028 1101 2097 16.17.
1119 2028 1242 2087 13qu
1260 2024 1411 2106 probabile

221 2109 231 2130 ’
276 2132 320 2201 fit,
333 2130 411 2191 hanc
424 2130 542 2192 satimm
557 2129 700 2191 Hadriani
713 2132 895 2212 temporibus
909 2133 1048 2213 scriptam
1061 2152 1134 2204 esse,
1146 2130 1221 2190 LXI
1241 2131 1324 2190 annis
1332 2132 1414 2207 (narn

274 2232 334 2291 LX
345 2252 438 2293 annos
453 2232 517 2312 jam
532 2241 596 2312 post
610 2241 692 2313 tergo
702 2232 815 2313 reliquit
828 2233 982 2315 Calvinus)
996 2245 1064 2315 post
1083 2233 1203 2294 Fonteii
1223 2232 1417 2293 consulatum.

276 2335 337 2395 sed
356 2346 492 2417 quatuor,
510 2354 571 2395 non
584 2335 654 2407 duo,
674 2345 710 2397 ut
721 2336 813 2416 vulgo
832 2349 946 2417 putant,
969 2336 1084 2399 Fonteii
1101 2338 1266 2415 Capitones
1279 2334 1417 2395 Consrsses

274 2435 307 2493 in
325 2434 408 2495 intio
427 2445 633 2494 memorantur.
676 2435 760 2495 Prior
773 2437 883 2499 Consul
902 2437 960 2498 fuit
979 2459 1004 2497 a
1020 2437 1058 2496 U.
1074 2440 1107 2500 C·
1126 2436 1292 2511 DCCXX,
1307 2448 1336 2495 rt
1353 2436 1415 2495 suf·

274 2538 369 2596 fectus
389 2548 513 2609 tontum,
533 2538 573 2595 ad
592 2558 710 2615 unguens
729 2538 837 2599 Factus
855 2540 941 2611 horon
963 2538 1076 2611 Antoni,
1097 2560 1153 2599 noa
1173 2548 1206 2597 at
1227 2538 1318 2619 magis
1332 2540 1409 2610 ouer,

272 2633 379 2692 ominus
398 2633 475 2692 Hor.
495 2633 554 2694 Sat.
576 2634 602 2704 1,
624 2642 653 2704 5,
674 2643 723 2696 32.
744 2639 789 2716 (r.
811 2637 896 2716 Pigh.
918 2638 996 2698 Ano.
1018 2638 1054 2696 T.
1077 2637 1135 2696 111.
1155 2657 1188 2716 p.
1204 2641 1295 2717 497.)
1330 2635 1412 2696 Alter

270 2755 298 2794 a.
312 2734 497 2794 Dchxrv
511 2733 561 2798 rel
573 2735 742 2798 Dchxv
753 2759 822 2799 cum
836 2740 1013 2802 Germanico
1027 2742 1098 2802 Cas.
1119 2741 1246 2804 biumio
1258 2751 1326 2800 ante
1338 2759 1414 2800 mor·

270 2842 332 2892 tem
358 2833 498 2912 Augusti.
527 2835 573 2912 (v.
601 2834 687 2914 Pigh.
713 2837 734 2895 t
757 2836 778 2894 l.
800 2857 830 2916 p.
857 2840 940 2917 540.)
984 2839 1102 2900 Tertius
1124 2859 1151 2898 a.
1180 2839 1338 2899 DCCCXI
1366 2838 1411 2898 rel

207 2993 210 2998 .
271 2935 441 2996 Deccxrl
462 2955 532 2998 cum
552 2941 586 3000 C.
606 2938 749 3018 Vipsania
767 2960 791 3000 s.
812 2939 964 3019 Vipstano,
986 2944 1043 3002 sub
1062 2943 1190 3004 Neronis
1212 2943 1341 3022 imperio
1361 2944 1377 3019 (
1395 2983 1403 2997 ·

272 3037 357 3116 Pigh.
371 3059 402 3118 p.
416 3045 485 3110 593.
499 3040 570 3099 Tac.
583 3041 663 3100 Arm.
676 3041 763 3111 xlv,
782 3048 807 3101 1.
823 3041 899 3103 Plio.
914 3043 956 3112 11,
971 3050 1019 3110 70.
1033 3066 1056 3104 s.
1071 3051 1120 3111 72.
1134 3055 1165 3104 at
1175 3043 1244 3113 Vll,
1255 3051 1302 3103 20.
1321 3042 1401 3102 Soet.

273 3138 337 3200 car
351 3160 377 3200 o
389 3143 433 3220 8.)
466 3143 595 3209 Quartus
608 3161 635 3200 a.
648 3139 834 3201 Dcccxlx
852 3142 900 3202 vel
914 3143 1080 3203 Dcccxx
1094 3163 1163 3204 cum
1178 3147 1211 3207 C.
1222 3141 1300 3205 Juiio
1312 3143 1400 3202 Rufo.

270 3243 314 3320 (v.
342 3242 428 3322 rign.
449 3263 480 3322 p.
503 3241 572 3304 601.
587 3243 678 3323 602.)
720 3243 752 3304 Si
777 3245 903 3306 alterum
925 3247 956 3306 h.
981 3247 1001 3305 L
1025 3247 1175 3326 designari
1194 3245 1353 3317 medideris,
1373 3265 1399 3306 r.

269 3339 465 3400 DCCCXXV
478 3343 526 3402 val
546 3343 769 3418 Deccxxvr,
790 3344 877 3405 tertio
895 3347 943 3406 rel
957 3357 1062 3426 quarto
1074 3366 1153 3407 anuo
1166 3346 1283 3426 impuii
1293 3345 1403 3424 Vespa-

269 3437 342 3497 siani
351 3460 362 3510 ς
382 3439 407 3498 si
425 3440 556 3512 turdum,
576 3464 602 3502 a.
616 3442 843 3504 Dcchxxll
865 3445 913 3506 vel
933 3445 1190 3516 DCCCLXXIII,
1212 3444 1345 3506 secundo
1361 3443 1410 3503 vei

268 3538 356 3598 tertio
381 3559 459 3600 anno
485 3542 601 3622 imperii
629 3543 793 3619 Hadriani;
829 3547 853 3606 ri
879 3559 1028 3627 quartum,
1052 3570 1078 3608 az
1104 3547 1338 3608 DCCCLXXX
1365 3545 1411 3604 rel

267 3643 521 3716 Dcchxxxr,
541 3659 683 3724 regnante
701 3650 805 3710 eodem
826 3651 1013 3731 Imperatore,
1034 3651 1099 3712 hmo
1118 3653 1216 3712 Satira
1232 3651 1348 3731 scripta
1361 3661 1411 3710 ast.

267 3745 402 3806 Tertium
425 3745 519 3816 innui,
543 3748 712 3826 probabilis,
736 3770 792 3810 neo
812 3761 911 3810 tamen
934 3761 1022 3822 cena,
1044 3761 1088 3813 est
1108 3753 1205 3830 intpp
1227 3753 1411 3831 conjectura,

266 3865 356 3925 quam
375 3845 411 3906 iis
431 3845 573 3925 persuasit
592 3846 674 3927 Lips.
695 3853 807 3918 Quaest.
821 3849 914 3929 Epist.
931 3851 984 3922 1v,
999 3859 1047 3910 20.
1089 3852 1173 3912 Cont'¹
1187 3851 1228 3910 ad
1241 3871 1274 3909 v.
1292 3858 1366 3917 157.
1382 3860 1411 3909 et

264 3947 303 4008 ad
317 3948 385 4019 XV,
399 3956 448 4017 27.

307 4056 434 4118 19-22.
455 4046 612 4129 Sapientia,
626 4053 709 4130 copia,
730 4071 820 4131 quam
834 4051 1016 4132 Pythagoras
1029 4053 1143 4133 primus
1157 4057 1312 4134 pamiae
1326 4057 1410 4128 dixit,

263 4155 309 4206 est
320 4147 441 4224 quidem
453 4169 567 4228 magna,
581 4160 686 4229 potens
698 4171 734 4210 ao
746 4151 852 4222 valida,
873 4151 976 4211 uictrix
987 4153 1128 4224 Fortuna,
1149 4174 1217 4232 qum
1230 4156 1334 4216 minas
1347 4155 1412 4235 ejus

262 4265 298 4304 uc
317 4244 378 4303 vim
396 4259 582 4310 contemnere
600 4269 654 4310 nos
673 4249 759 4311 dooer
768 4273 779 4323 ;
801 4251 854 4311 sed
873 4251 952 4313 idem
971 4252 1111 4314 discimus
1124 4264 1243 4332 quoque
1263 4257 1410 4336 magiam

262 4347 330 4416 oua,
350 4346 510 4426 longousu
524 4364 554 4412 et
566 4354 752 4432 experientia.
796 4355 869 4416 inde
883 4356 994 4417 discere
1006 4367 1131 4436 poteras,
1151 4357 1327 4418 incommodo
1342 4359 1410 4418 mre

262 4450 405 4529 patienter
415 4451 542 4529 fornia
563 4476 634 4527 esse,
654 4477 833 4536 quamquam
853 4479 912 4520 non
932 4461 971 4521 sis
989 4459 1190 4542 philosophus.
1231 4462 1280 4522 Cf.
1294 4481 1326 4521 v.
1345 4469 1407 4521 120
