3100 5250
283 517 348 580 488
653 492 1046 571 COMMENTARIUS

286 686 397 757 ficiunt,
411 685 508 746 rodurn
520 681 623 743 sterilis
632 684 722 760 fimus,
736 681 766 738 h.
780 699 806 738 e.
820 651 982 753 caprificus,
996 668 1128 747 cujusce
1140 670 1251 721 natura
1269 665 1378 736 estQut
1396 653 1427 710 in

287 783 481 844 commissuris
502 799 638 842 saxonum
661 780 760 838 innata
783 784 918 851 erumpat
943 787 1036 848 esque
1065 763 1200 824 scindere
1229 778 1266 817 ac
1290 757 1423 836 disjicere

287 885 395 964 possin
415 884 493 944 unde
516 881 600 951 molo,
623 879 764 956 improba,
788 873 920 934 noxia.⁸⁰
1014 867 1124 935 robora,
1150 863 1241 931 vires,
1252 861 1350 938 fem
1371 852 1417 913 vel

287 983 381 1062 simpi
395 984 476 1044 ficus.
520 981 585 1042 146.
605 979 689 1038 Cous.
707 977 792 1055 Prcp.
809 975 868 1056 ΙΙΙ,
883 982 912 1042 2,
929 979 966 1041 19
980 990 1041 1048 seq.
1122 964 1209 1043 sato,
1224 960 1362 1027 interitus,
1381 968 1418 1014 ot

286 1105 359 1144 mors
370 1105 417 1164 ap.
434 1085 520 1163 Prcp.
533 1083 553 1140 l.
567 1081 589 1142 Ι.
609 1091 639 1142 et
657 1081 770 1139 Ausum
791 1077 952 1136 monimento
962 1073 1117 1152 fatiscunt,
1138 1067 1226 1126 Mors
1246 1064 1326 1123 etiam
1345 1062 1421 1120 mais

286 1184 491 1264 nominibusque
504 1182 585 1242 uenit.
597 1213 639 1230 -
651 1177 796 1258 sepulcris,
810 1177 898 1236 etiam
909 1172 1088 1240 marmorcis,
1108 1181 1140 1230 et
1157 1165 1328 1226 mausoleis.
1370 1169 1423 1226 147

286 1302 346 1362 seq.
368 1282 502 1362 Repende
515 1277 714 1348 Hannibalern,
728 1277 793 1357 ejus
805 1275 994 1336 ambitionem
1006 1283 1037 1332 et
1056 1272 1125 1338 fata,
1140 1267 1190 1327 vei
1208 1264 1315 1346 potius
1333 1259 1427 1340 pmde

287 1385 363 1447 libra
377 1407 400 1446 a.
415 1385 498 1446 lance
511 1384 575 1463 ejus
597 1382 724 1442 moeres:
746 1388 811 1460 quot
833 1379 923 1437 libros
945 1377 975 1435 in
997 1377 1067 1434 duce
1089 1391 1202 1440 murno,
1228 1389 1325 1449 quam
1348 1365 1430 1444 parri

288 1488 426 1568 ponderis
439 1488 549 1548 cineres
562 1495 592 1546 et
613 1483 750 1562 reliquias
770 1481 844 1542 tanti
865 1480 950 1541 ducis
970 1478 1117 1539 invenias
1147 1479 1175 1553 (i
1196 1479 1264 1532 πᾶσι
1287 1474 1431 1551 campie

290 1591 345 1668 φιῦ,
360 1592 446 1658 riscus
459 1587 538 1668 γαίης
551 1589 615 1644 ducos
627 1583 681 1664 ἔχη
693 1586 790 1664 μόρων,
812 1581 933 1642 Leonid.
949 1580 1053 1659 Epigr.
1067 1576 1183 1646 LXIX,
1197 1573 1227 1634 6.
1242 1575 1276 1632 in
1297 1569 1444 1632 Brund(

288 1691 376 1752 Anu.
391 1689 426 1750 Τ.
442 1690 466 1750 Ι.
479 1709 508 1768 p.
522 1695 591 1748 288.
633 1686 678 1745 cf.
694 1687 782 1764 Prop.
798 1684 840 1755 ΙΙ.
855 1693 884 1754 7,
899 1691 949 1744 51.
965 1683 1018 1751 1v,
1036 1689 1082 1750 11,
1099 1687 1146 1740 14.
1160 1679 1248 1738 Ouid.
1261 1678 1340 1736 Met.
1356 1673 1430 1742 xri,

289 1793 356 1854 615.
371 1791 439 1854 616.
455 1791 529 1851 Plin.
545 1791 587 1863 11,
602 1789 665 1869 68.)
680 1799 821 1849 ettamen
835 1787 881 1846 iric
893 1795 934 1846 est
948 1785 1006 1859 iile,
1018 1785 1103 1864 cujus
1116 1783 1223 1842 animos
1233 1790 1340 1870 tantus
1352 1789 1429 1848 erat,

289 1909 322 1958 ut
335 1896 458 1976 imperio
472 1895 582 1955 Africae
595 1913 655 1954 non
669 1903 824 1953 contentus
837 1902 928 1962 esset3
948 1900 1072 1970 angusta
1092 1907 1165 1947 uma
1182 1904 1259 1944 nunc
1278 1901 1350 1940 rum
1372 1900 1426 1940 ca-
1528 1904 1529 1915 ¹

288 1997 343 2076 pit,
357 2015 456 2076 quem,
470 2015 564 2074 quum
576 1995 698 2064 viveret,
712 2011 772 2050 non
785 1993 920 2069 capiebat
934 1989 1035 2050 Africa
1046 2012 1056 2061 3
1076 1987 1235 2066 etquidem
1244 1993 1328 2044 tanta
1340 1981 1427 2044 orbis

288 2111 431 2160 terrarum
444 2117 523 2178 pars,
538 2117 604 2176 qum
619 2117 638 2156 a
658 2095 775 2164 Mauro,
799 2093 947 2165 Africano,
969 2089 1087 2162 Oceano,
1111 2093 1150 2151 ab
1171 2089 1320 2148 Atlantico
1339 2087 1426 2157 mari,

292 2198 341 2276 (ut
353 2219 400 2276 ap.
415 2197 519 2256 Horat
534 2196 593 2255 Od.
608 2195 651 2266 ΙΙ,
668 2201 698 2264 6,
714 2198 757 2274 3.)
771 2193 802 2251 h.
815 2213 842 2251 e.
863 2193 901 2251 ab
922 2191 1091 2261 Occidente,
1113 2190 1153 2250 ad
1174 2189 1285 2256 Ar'iiuun
1306 2188 1431 2245 fluvium
1528 2248 1529 2263 χ

292 2299 431 2380 AEgypti,
444 2309 533 2380 patet.
576 2299 669 2375 (Nam
684 2297 833 2376 AEgyptus
845 2316 865 2354 a
878 2293 1062 2372 Geographis
1076 2294 1226 2353 veteribus
1235 2291 1285 2350 vel
1298 2303 1372 2360 tots,
1386 2289 1433 2348 vei
1528 2298 1530 2351 Ι

291 2423 399 2482 magna
411 2423 448 2462 ex
460 2413 553 2481 parte,
573 2401 694 2472 Asiae,a
712 2399 854 2460 Strabone
866 2410 966 2458 autern
981 2398 1005 2456 Ι.
1019 2417 1050 2476 p.
1065 2397 1105 2457 60
1119 2417 1189 2475 seq„
1217 2395 1349 2456 Arabico
1368 2395 1432 2454 sinu

292 2503 368 2565 inter
380 2503 481 2563 Asiam
496 2503 687 2582 Africamque
700 2503 826 2564 termino
839 2503 1006 2571 constituto,
1019 2500 1129 2560 Africo
1147 2499 1325 2577 adjungitur
1343 2509 1374 2557 et
1392 2498 1432 2555 ad
1528 2476 1529 2547 i

292 2603 441 2673 orientem,
457 2611 491 2661 ut
505 2601 688 2661 Mauretania
708 2603 746 2662 ad
766 2594 947 2662 occidentem
967 2611 1130 2661 extremum
1150 2597 1266 2657 Africae
1290 2597 1346 2657 sita
1364 2599 1430 2673 est)
1528 2606 1529 2609 ’

295 2705 360 2759 148.
381 2718 459 2778 quens
482 2718 536 2757 non
557 2700 632 2779 capii
654 2698 755 2780 Africa
776 2712 842 2769 cet,
864 2711 898 2760 ut
916 2722 964 2780 ap.
985 2699 1135 2759 Claudiam
1156 2699 1188 2756 in
1209 2696 1282 2755 Rus.
1306 2698 1351 2767 ΙΙ,
1366 2704 1434 2756 155.

292 2798 359 2859 Non
371 2798 460 2859 orbito
474 2800 548 2871 solis,
564 2820 617 2859 noa
631 2800 706 2860 illum
721 2810 824 2861 notura
837 2803 921 2882 capit.
963 2802 1008 2862 Cf.
1028 2802 1081 2861 inf.
1094 2823 1123 2861 v.
1140 2802 1198 2863 168
1213 2823 1275 2881 seq.
1360 2802 1432 2860 Per-

293 2918 384 2970 cussa,
398 2918 426 2957 v.
449 2899 520 2959 Vsu.¹
536 2900 619 2959 Lect.
710 2902 829 2971 admotm
853 2902 1026 2981 propinqua
1120 2901 1190 2962 Nilo
1210 2902 1320 2981 tepenti,
1344 2922 1372 2959 v.
1390 2902 1430 2959 ad

293 3002 348 3073 vl,
363 3010 431 3071 527.
475 3010 541 3073 149.
559 3010 624 3063 150.
644 3002 757 3081 Africo,
771 3005 810 3063 ab
823 3003 944 3075 criente,
958 3006 1069 3067 admoto
1083 3016 1128 3065 est
1149 3004 1223 3075 Mb,
1242 3026 1349 3074 nrm,
1370 3005 1428 3063 de·

294 3104 372 3175 inde,
386 3104 426 3163 ad
438 3102 598 3182 AEtiiopum
615 3102 730 3183 populos
743 3124 832 3183 supra
847 3105 1022 3184 AEgyptum,
1037 3106 1181 3184 usquead
1199 3106 1291 3164 sinum
1311 3106 1428 3164 Arabi-

294 3224 372 3274 cum,
388 3205 420 3283 (a
433 3204 541 3283 quibus
554 3202 661 3265 diversi
674 3214 744 3263 sunt
758 3204 913 3283 AEthiopes
925 3206 1052 3285 hesperii
1066 3229 1089 3267 a
1109 3205 1293 3268 occidmrales
1311 3218 1343 3265 et
1363 3208 1426 3267 At-

294 3297 405 3373 lantici,
420 3302 451 3362 in
465 3303 602 3365 interiore
615 3303 726 3374 Africa,
739 3303 778 3362 ad
791 3306 971 3366 occidentem
985 3318 1015 3367 et
1028 3328 1108 3368 mare
1125 3308 1312 3385 Atlanticum)
1332 3322 1366 3368 et
1386 3303 1433 3365 ad‘

294 3406 366 3465 ultor
378 3406 544 3485 εΙῳΙιαηΙω,
557 3406 587 3463 h.
601 3428 628 3467 e.
641 3406 679 3465 ad
695 3406 820 3477 Indiam,
834 3408 865 3466 in
879 3429 937 3488 qua
956 3411 1076 3470 maximi
1097 3422 1167 3473 sunt
1186 3410 1344 3491 elephanti,
1352 3412 1379 3451 ⁵¹
1402 3423 1434 3472 st

295 3501 334 3560 ad
347 3521 436 3579 quam
452 3502 566 3561 indiam
581 3514 693 3563 veteres
706 3516 800 3583 poetae
813 3515 844 3563 et
855 3506 1019 3586 geographi
1028 3506 1207 3586 AEthiopiam
1217 3529 1347 3587 quoque,
1357 3511 1433 3568 Ara-

293 3604 372 3664 biam
385 3614 556 3683 partemque
571 3604 695 3685 AEgypti
708 3606 847 3667 referunt.
858 3609 884 3647 ⁶¹
924 3610 1004 3669 Nota
1016 3610 1093 3670 Ach.
1114 3622 1173 3671 est:
1198 3610 1303 3691 Africa
1324 3612 1433 3671 Mauro

291 3722 428 3783 percusso
444 3700 553 3762 Oceano
565 3714 609 3763 est
622 3705 743 3765 ocdidua
756 3707 820 3786 ejus
831 3726 909 3785 pars,
925 3707 993 3765 Nilo
1012 3708 1124 3767 admota
1143 3708 1303 3778 orientalis,
1326 3712 1369 3769 ad
1381 3711 1434 3769 AE-

297 3800 417 3881 thicpam
433 3801 550 3881 populos
562 3802 648 3861 interi
682 3846 690 3861 .
733 3804 1051 3882 Interpremticautem
1065 3806 1224 3866 Heineckii
1238 3809 1346 3868 ceteris
1359 3810 1434 3869 fate

296 3904 494 3984 preferenda:
537 3914 559 3945 ‘¹
579 3904 626 3965 Ne
648 3822 749 3965 Adrion
772 3906 894 3984 quidem
916 3908 1076 3969 sufficiebat
1098 3908 1272 3980 Hannmali,
1299 3913 1434 3991 quamvis

227 4142 229 4149 Ι
330 4086 349 4115 “
366 4085 405 4163 (Ji.
421 4086 492 4149 Prop.
508 4087 556 4146 lv,
577 4092 601 4146 5,
616 4093 655 4139 74.
677 4089 742 4139 Plio.
764 4088 843 4149 XVI,
875 4094 935 4141 nic:
944 4093 1199 4157 smntAEtiiopsset
1211 4097 1377 4160 Μῶμε,
1392 4098 1433 4143 ni

300 4152 337 4197 19.
353 4150 437 4199 Indor.
452 4152 545 4211 xvu.
557 4160 581 4201 6.
596 4154 702 4204 Mouet
724 4156 758 4214 X,
776 4162 800 4214 8,
819 4163 842 4206 9.
876 4161 1081 4207 maimosIndr'a·

299 4210 386 4263 nona
401 4216 480 4279 Epod.
495 4218 529 4278 V,
543 4222 580 4268 17.
600 4218 666 4269 Pera.
682 4220 704 4279 Ι,
716 4227 756 4270 94.
769 4222 812 4270 ubi
823 4238 845 4269 v.

300 4274 401 4371 c'simb‘
663 4349 669 4361 Ι
912 4288 930 4318 “
948 4287 1090 4349 luteum·
1109 4292 1168 4341 citos
1189 4294 1321 4353 depicatus
1338 4290 1431 4339 sss-d

333 4404 339 4417 .
364 4356 386 4387 v·
401 4342 485 4407 Polyb.
497 4346 528 4402 V,
540 4352 580 4395 84.
605 4348 708 4411 Appian-
730 4350 782 4412 Syr.
805 4357 845 4400 81.
880 4352 1058 4401 Mauretaniam
1075 4355 1112 4402 vel
1131 4356 1163 4403 sd
1182 4357 1331 4418 AEthicpiam
1340 4356 1377 4401 rel
1395 4354 1431 4401 ad

301 4404 365 4452 Plio.
388 4406 469 4485 ἿΙΙΙ,
491 4415 529 4485 11.Ι
538 4415 679 4475 Elqrdcntm
689 4415 743 4479 sert
762 4416 848 4481 Africo
878 4426 954 4467 totam
966 4418 1068 4480 Libyam
1078 4421 1280 4471 reimumetsirs
1295 4420 1433 4475 istrionum,

296 4472 359 4521 uitro
371 4474 472 4535 δγηιεω
488 4478 622 4528 adamim
640 4489 662 4529 rt
680 4484 708 4531 ia
724 4482 847 4531 Παναι-
879 4482 1113 4533 sivsd'mtiotticocn
1123 4496 1226 4534 mutant.
