3100 5250
194 403 200 412 ’
286 440 351 501 sss
657 436 1050 508 couuuuuuruus

285 608 334 671 rel
349 610 380 669 iu
392 609 455 671 ade
467 610 592 671 &storia
602 616 726 692 mendi
739 616 816 676 mmi
824 638 838 685 ,·
858 636 929 677 natu
942 634 1001 677 nou
1026 617 1117 677 modo
1137 612 1249 683 reden.
1267 612 1422 692 pactiones

285 726 316 774 et
328 724 507 785 menta,
520 714 574 773 sed
587 717 720 793 pecuniae
734 720 822 778 etiam
837 720 1062 799 deponebantur
1075 720 1107 777 in
1127 714 1251 794 templis,
1270 734 1330 793 quae
1348 723 1418 771 tuta

157 862 165 875 .
285 828 369 877 erant
380 816 521 896 religiose
533 817 658 877 deorum
678 831 709 879 et
731 822 917 899 potissimum
938 822 1069 882 excubiis
1094 819 1232 887 militum,
1254 817 1325 875 uude
1346 816 1419 895 vigil

288 922 389 982 Castor
400 920 431 979 b.
444 920 465 979 1.
478 920 633 981 dicitur.²⁸
647 957 689 971 -
708 922 780 983 261.
798 924 847 985 Ex
861 946 921 1005 quo
933 926 1013 985 fures
1027 926 1059 983 iu
1077 924 1143 983 foro
1163 918 1275 987 Martia,
1293 918 1319 977 b.
1337 938 1365 977 e.
1385 918 1420 977 in

284 1020 349 1079 foro
362 1018 501 1097 Augusti,
516 1018 597 1097 quod
611 1020 675 1078 aede
696 1021 801 1080 Martis
823 1021 935 1083 Ultoris
958 1032 1092 1082 ornatum
1116 1032 1189 1089 erat,
1199 1018 1227 1057 ¹⁹
1248 1016 1418 1075 numularios

282 1116 439 1195 diripuere,
452 1126 483 1175 et
495 1115 552 1194 ipsi
566 1135 685 1195 quoque
699 1118 788 1178 Marti
803 1119 927 1197 insignia
943 1140 995 1179 sua
1008 1116 1174 1187 abstulere;
1196 1114 1273 1173 Brit.
1306 1112 1349 1171 Es
1361 1134 1420 1191 quo

282 1217 439 1297 intemplo
453 1216 735 1297 Martiscompilatae
755 1221 877 1281 fuerunt
896 1240 971 1281 arcae
991 1220 1140 1299 ipsiusque
1161 1217 1221 1276 Dei
1245 1216 1330 1295 galee
1348 1214 1426 1272 inu-to

283 1324 423 1401 subrepta
431 1344 441 1393 ;
462 1319 550 1378 Farn.
564 1320 630 1381 ooll.
645 1322 771 1382 Murtial.
786 1323 842 1393 vl,
858 1331 906 1391 72.
921 1336 951 1384 et
965 1322 1125 1401 Antholog.
1142 1322 1186 1391 ΙΙ,
1202 1328 1253 1379 25.
1275 1319 1315 1377 de
1336 1320 1425 1395 Euty·

282 1425 379 1495 rhida,
393 1444 462 1503 quus
475 1422 538 1483 loca
551 1444 656 1502 parum
669 1426 708 1485 ad
721 1446 784 1485 rem
798 1426 918 1487 faciunt
960 1428 1044 1485 Conf.
1059 1446 1123 1505 sup.
1137 1424 1177 1485 ad
1191 1426 1232 1493 X,
1247 1431 1298 1482 25.
1341 1422 1423 1480 Poeta

282 1524 359 1583 forte
371 1521 410 1581 sd
422 1520 469 1581 sui
482 1521 623 1601 temporit
634 1522 796 1593 historiam,
810 1524 896 1584 uobis
916 1524 1056 1603 ignotam,
1070 1521 1192 1601 respicit
1203 1547 1212 1591 ;
1231 1532 1262 1579 et
1275 1519 1331 1578 hac
1342 1538 1423 1579 oeu-

282 1626 374 1697 sione,
387 1635 422 1684 ut
434 1624 552 1703 passim,
565 1624 643 1685 ridet
655 1626 802 1685 infirmam
817 1627 909 1686 divini
923 1628 1052 1687 sumbus
1066 1625 1238 1706 potentiam,
1254 1634 1284 1683 et
1302 1622 1422 1703 quidem

281 1730 311 1789 b.
325 1729 346 1789 l.
360 1729 407 1807 (ut
420 1726 464 1801 11,
480 1734 538 1787 180
551 1734 627 1807 seq.)
642 1728 762 1796 Mortis,
777 1729 829 1808 qui
843 1748 881 1789 ne
896 1750 942 1789 rer
956 1728 1078 1807 quidem
1097 1746 1176 1795 ruer,
1195 1748 1245 1786 sua
1261 1726 1353 1805 ipsius
1371 1726 1419 1783 in·

283 1828 387 1908 siguis,
401 1826 532 1897 servarit,
543 1828 654 1888 nedum
668 1847 715 1887 res
735 1827 901 1901 hominum,
923 1828 988 1899 eibi,
1011 1840 1164 1907 tamquam
1184 1825 1254 1905 putri
1272 1845 1308 1884 ar
1320 1826 1414 1884 mtori

284 1928 423 1988 uomens
435 1927 541 2006 gentis
556 1926 588 1985 in
602 1926 765 1987 custodiam
781 1926 970 1987 concreditas.
1012 1926 1159 2005 Rigaltius
1173 1924 1203 1983 iu
1213 1924 1284 1982 Dias
1297 1923 1334 1981 ile
1346 1924 1413 1982 Sat.

280 2028 388 2089 Juveu.
403 2026 615 2105 auspicabatur,
629 2026 727 2085 deriso
740 2025 847 2096 Marte,
862 2027 914 2104 qui
928 2025 1003 2085 l'also
1019 2025 1101 2084 Ultor
1113 2024 1236 2094 (liuntur,
1247 2042 1304 2081 nou
1323 2022 1414 2081 modo

280 2124 440 2185 vanitatem
462 2122 571 2183 fabulae
592 2122 764 2203 perstringi,
787 2122 839 2183 sed
862 2124 951 2183 etiam
971 2122 1096 2202 ignavia
1116 2122 1247 2181 arcuati
1266 2121 1414 2191 Romanoa,

281 2224 334 2305 qui
346 2222 422 2283 nibil
434 2222 563 2302 amplius
574 2222 663 2283 armis
677 2233 811 2302 querant
824 2234 854 2282 et
867 2222 937 2282 olim
951 2221 1040 2281 etiam
1053 2220 1178 2300 quaesita
1192 2220 1248 2279 sibi
1267 2219 1341 2297 eripi
1356 2231 1419 2279 tur·

281 2330 359 2407 piter
370 2327 532 2407 parinum.

322 2420 382 2483 262
396 2442 457 2501 seq.
478 2422 559 2483 Licet
572 2422 725 2503 relinquar,
739 2424 915 2504 relinquere,
929 2442 1066 2504 apernere
1078 2423 1201 2503 poteris,
1221 2422 1311 2481 onais
1329 2422 1418 2481 aulea

282 2524 378 2583 Floroe
390 2536 457 2594 oet,
470 2522 501 2581 b.
514 2544 541 2583 e.
554 2536 661 2586 cuneta
674 2524 813 2587 ludorum
827 2546 946 2605 genera,
960 2526 1119 2605 exquibus
1141 2544 1204 2584 uon
1223 2536 1332 2584 nutum
1350 2544 1415 2603 per-

280 2627 372 2706 cipies
386 2626 555 2706 voluptatis,
570 2640 715 2707 quantum
735 2629 874 2690 exarari
897 2629 1047 2690 laboribus
1056 2651 1066 2700 ;
1087 2628 1145 2688 uisi
1165 2627 1273 2688 malis:
1291 2629 1416 2708 quamvis

281 2729 330 2789 vel
341 2749 443 2790 omues
456 2729 542 2791 ludos
555 2731 714 2811 relinquas,
728 2731 804 2792 nihil
817 2751 910 2802 cures,
923 2751 984 2791 non
997 2751 1105 2810 magna
1128 2733 1244 2790 carebis
1264 2730 1417 2809 voluptate,

281 2829 371 2891 modo
383 2830 546 2910 respexeris
559 2831 639 2891 varis
652 2831 774 2911 negotio,
792 2831 914 2902 laborer,
935 2830 1145 2910 navigationes,
1165 2829 1420 2909 peregrinatimes,

280 2932 466 2992 inoouunoda
477 2944 509 2993 et
520 2933 661 3012 pericula,
677 2953 744 3012 quie
756 2953 863 2994 avarus
876 2933 964 3003 subit,
980 2944 1014 2994 ut
1025 2953 1090 2992 rem
1104 2932 1274 2992 omilim
1295 2931 1415 3010 amplili-

279 3040 327 3089 oet
340 3031 504 3110 opibusque
515 3030 632 3100 afflust3
652 3042 735 3090 tanto
747 3031 802 3092 tibi
813 3031 977 3110 jucundius
990 3031 1063 3100 haer,
1078 3050 1169 3110 quam
1181 3030 1240 3090 ludi
1259 3029 1309 3100 illi,
1329 3048 1410 3106 apro·

278 3127 410 3188 mulum
424 3129 553 3188 offerent.
595 3127 765 3188 Hoeeavari
780 3129 890 3209 aegolio
910 3141 965 3190 cet.
986 3128 1018 3189 iu
1038 3149 1128 3190 versa.
1150 3148 1223 3207 seqq.
1242 3125 1412 3186 deseribun-

279 3239 340 3290 tur.
380 3231 478 3292 Poetae
489 3229 588 3290 animo
599 3229 752 3310 oculisque
765 3231 977 3292 obversabatur
990 3230 1072 3290 lorus
1089 3231 1194 3290 Horat.
1206 3229 1296 3309 Epist.
1317 3229 1358 3299 11,
1381 3237 1408 3296 1,

282 3335 341 3397 197
355 3349 415 3408 seq.
457 3331 504 3392 Cf.
518 3349 582 3409 sup
599 3329 659 3400 111,
673 3337 743 3390 228.
759 3330 826 3407 (ubi
842 3351 868 3389 v.
882 3331 958 3409 not)
972 3340 1003 3390 et
1022 3329 1224 3408 loea,·quibus
1243 3329 1302 3387 vita
1319 3337 1417 3386 nostra

279 3449 384 3501 soene,
408 3433 500 3491 mimo
520 3444 552 3493 et
574 3433 684 3493 fabulae
705 3444 893 3512 eomparatur
915 3435 982 3496 sen.
1003 3433 1060 3513 Ep.
1075 3441 1170 3501 77.et
1184 3433 1329 3493 sospes
1343 3433 1421 3510 Aug.

278 3539 327 3602 99·
342 3544 372 3592 et
386 3532 515 3593 Pallade
529 3534 632 3614 Epigr.
646 3537 680 3596 C.
694 3537 726 3596 in
739 3536 870 3597 Brundi.
886 3536 972 3598 Anal.
988 3537 1025 3597 T.
1039 3537 1081 3596 11.
1101 3553 1138 3615 p:
1154 3544 1226 3603 427.
1245 3535 1303 3596 nbi
1323 3557 1351 3594 v.
1374 3537 1422 3596 Ja-

277 3630 349 3690 oobs
360 3629 399 3689 ad
413 3629 538 3692 Autbol.
553 3631 607 3692 Gr.
620 3631 688 3694 Vol.
703 3634 746 3693 11.
761 3633 794 3692 Ρ.
810 3634 868 3693 111.
882 3654 914 3712 p.
927 3641 998 3700 247.
1088 3632 1189 3693 Auum
1203 3633 1274 3693 vela
1287 3635 1377 3714 picra,
1395 3637 1424 3694 iu

277 3728 400 3800 oedsbru,
413 3729 577 3809 porticibus
589 3741 621 3790 et
633 3731 755 3793 theauis
768 3752 918 3812 suspensa,
932 3731 1012 3792 unde
1024 3731 1054 3792 lu
1069 3731 1090 3792 l.
1102 3751 1158 3812 pro
1177 3733 1254 3811 ipsis
1276 3733 1360 3796 ludia¹
1376 3755 1425 3814 po·

276 3843 399 3892 uuntur.
480 3831 574 3892 Floroe
593 3832 667 3904 ludi,
682 3833 810 3894 Floralia
829 3853 868 3894 ae.
890 3853 971 3894 sarra
991 3853 1014 3894 s
1038 3833 1177 3907 solennia,
1203 3835 1244 3894 rle
1268 3838 1380 3915 quibus
1398 3855 1425 3896 v.

308 4041 329 4071 Ι·
344 4058 366 4090 s.
387 4042 455 4104 Lipa.
473 4043 504 4092 ad
524 4043 584 4093 Tse.
607 4045 675 4092 Auo.
693 4045 716 4100 1.
735 4049 760 4093 8.
778 4043 834 4094 Bri·
865 4043 996 4093 numularii
1007 4043 1206 4103 velsauaratoers
1224 4055 1250 4094 et
1267 4047 1296 4095 iu
1313 4064 1343 4096 aa
1358 4063 1426 4110 psu-

276 4107 387 4153 tauulrus
396 4112 429 4156 od
438 4113 533 4157 Castora
542 4109 755 4172 interpretabatur:
768 4109 834 4172 apud
865 4109 1126 4171 nioedeponebautur.”
1161 4111 1234 4158 Conf-
1252 4111 1309 4161 cir.
1322 4113 1389 4161 Van.
1403 4112 1425 4168 I.

275 4169 442 4219 brundusin
453 4173 513 4228 soro,
526 4175 569 4222 ubi
578 4175 702 4223 aratorias
719 4175 831 4225 Castoeia·
867 4179 907 4226 ⁴9.
919 4185 997 4236 etpro
1009 4173 1093 4231 Quint.
1107 4181 1130 4223 4.

275 4231 372 4307 uulsis.
388 4235 427 4294 11,
448 4243 488 4286 20.
510 4243 550 4286 42.
574 4240 639 4288 Suet.
665 4241 728 4288 ess.
751 4246 791 4289 10.
809 4250 835 4289 et

278 4293 380 4372 Dionys.
402 4299 484 4350 lidie.
511 4303 559 4351 vl.
580 4319 635 4367 pag.
662 4310 719 4353 351.
748 4304 832 4354 Plasb-
897 4305 917 4336 ¹·
933 4320 955 4353 v.
970 4305 1038 4354 surr.
1050 4305 1116 4368 Aug.
1129 4309 1168 4353 21.
1179 4314 1205 4352 ar
1217 4311 1258 4355 99.
1274 4307 1352 4356 osid.
1366 4307 1425 4355 far.

275 4373 326 4434 sm
343 4367 524 4436 mestum
544 4369 832 4418 “summ-dem
868 4369 1196 4432 maromontem
1217 4371 1298 4432 le,
1318 4379 1341 4420 ⁷.
1360 4379 1425 4421 aa.

270 4440 321 4486 pam
340 4427 463 4476 Ciceronis
479 4435 628 4494 temporibus
648 4435 833 4498 negotiabantur
865 4436 906 4484 ubi
917 4435 980 4484 roni.
994 4435 1098 4486 namu.
1111 4435 1126 4498 §
1139 4439 1178 4484 8⁵·
