3100 5250
401 424 453 489 IN
473 423 636 490 JUVEN.
662 425 761 492 SAT.
788 426 884 491 XIV.
1155 432 1218 492 511

81 601 161 659 tione
171 597 329 675 scirorum
342 599 430 659 modo
444 599 527 669 iacta,
542 620 609 679 quae
623 602 726 661 eodem
738 612 858 680 spectet.
916 606 986 669 120.
998 600 1134 681 dirempto
1147 602 1220 689 beuti

78 695 220 775 pauperis
240 706 271 753 et
293 705 378 755 vetus
401 707 431 756 et
452 698 595 757 recentior
618 698 738 759 historia
759 698 979 778 suppeditabit:
1001 699 1122 778 (preter
1145 699 1220 759 illud

81 793 175 871 Aglui
189 792 324 864 Arcadis,
338 815 356 852 a
370 794 464 853 Schol.
478 807 683 868 memoratum,
697 797 735 856 de
749 817 809 875 quo
823 816 850 856 v.
865 795 939 855 Plin.
954 795 1024 867 vll,
1039 794 1101 875 46.)
1116 816 1220 857 avarus

80 904 184 953 autem
198 913 259 952 non
277 894 333 953 nisi
347 894 452 954 divites
464 908 550 975 putat
563 918 626 957 esse
637 897 746 958 l'elioes.
788 897 950 976 Paupertas
963 897 1049 956 etiam
1063 897 1220 976 saepissime

80 1016 144 1053 non
160 1006 276 1074 egestas
289 1006 341 1066 est,
356 998 408 1055 sed
420 997 540 1058 fortuna
551 998 716 1069 mediocris,
736 1018 803 1078 quse
815 1018 870 1057 nec
883 997 971 1069 lauta,
985 1017 1040 1057 nec
1052 998 1221 1059 tenuissime

80 1105 111 1151 et
125 1093 268 1172 despecta
280 1103 333 1163 est,
347 1094 408 1153 vita
421 1094 545 1173 simplex
559 1106 590 1155 et
602 1095 704 1174 puucis
717 1105 861 1165 contenta,
883 1114 949 1173 quse
968 1094 1142 1174 plerumque
1154 1095 1220 1155 feli-
1232 1162 1234 1168 ¹

79 1194 145 1252 cior
169 1205 226 1265 est,
250 1214 338 1271 quam
361 1205 537 1272 questuosa,
561 1194 609 1254 cui
633 1195 801 1274 opponitur.
844 1194 1005 1273 Paupertas
1023 1204 1072 1264 ert,
1092 1214 1145 1253 non
1158 1214 1221 1275 quoe

74 1311 176 1369 pauca
189 1291 319 1369 possidet,
333 1292 383 1350 aed
397 1312 459 1371 quoe
471 1294 557 1350 malta
570 1313 625 1349 nou
633 1292 765 1370 putridet,
781 1292 847 1351 Seu.
863 1292 919 1370 Ep.
932 1298 981 1357 87.
1001 1325 1042 1339 -
1064 1298 1130 1351 122.
1143 1292 1220 1353 illam

77 1389 159 1445 eiam
183 1409 345 1449 avarorum.
425 1389 511 1448 eidnn
530 1390 683 1449 incumbere
701 1398 791 1460 recte,
813 1389 945 1449 eamdem
966 1388 1049 1457 viam,
1069 1388 1099 1446 h.
1113 1410 1138 1447 e.
1153 1389 1221 1451 vitre

76 1488 237 1557 rationem,
257 1486 336 1546 idem
350 1487 418 1546 vitae
430 1488 597 1548 institutum
611 1489 756 1567 persequi.
839 1486 921 1546 Secta
941 1486 988 1545 viu
1007 1497 1038 1546 et
1057 1486 1221 1559 methodus,

77 1602 115 1647 ut
130 1590 208 1649 viam
221 1600 246 1649 et
259 1599 359 1649 sedam
373 1598 422 1648 aut
435 1590 567 1649 rationem
586 1591 651 1651 sitae
663 1590 742 1670 sequi
754 1610 802 1669 ap
816 1590 876 1649 Cic.
891 1590 929 1647 N.
944 1590 983 1648 D.
999 1590 1041 1659 11,
1055 1597 1103 1649 22.
1124 1601 1154 1651 et
1167 1610 1222 1669 pro

77 1694 162 1753 Coel.
177 1713 203 1752 c.
220 1701 265 1760 17.
286 1692 398 1751 Bahrdt
411 1693 449 1751 de
468 1705 546 1755 secte
566 1693 768 1773 philosophica
790 1692 905 1773 accipit,
928 1713 1021 1773 quum
1040 1694 1164 1773 pecunia
1184 1694 1222 1754 sit

74 1794 200 1872 optima
211 1794 395 1874 philosophis
407 1794 502 1872 sitque
515 1793 716 1873 intelligentia.

123 1899 197 1951 124.
218 1892 346 1951 minimus
358 1891 461 1961 sordes,
474 1892 604 1950 avaritiae
615 1893 761 1970 principia
773 1903 804 1952 et
817 1893 966 1953 elementa.
1009 1895 1066 1953 His
1077 1903 1219 1973 prutenus,

72 1993 187 2052 statim
200 1995 238 2052 ab
251 1992 343 2061 initio,
361 2000 475 2048 teneras
488 2008 647 2065 puerorum
661 1991 784 2050 imbuunt
796 2002 919 2064 mentes,
940 2012 999 2051 non
1011 1995 1147 2053 extremis
1160 2014 1222 2054 sor·

71 2092 192 2149 dibus:
217 2086 324 2147 sensim
338 2086 373 2145 iis
387 2086 552 2164 sensimque
564 2086 716 2147 avaritiam
728 2088 885 2165 insinuant,
901 2089 938 2147 ab
952 2108 1011 2165 qua
1023 2088 1187 2149 abhorrent.
1199 2092 1221 2128 ¹¹

71 2224 113 2236 -
138 2186 214 2247 126.
227 2187 277 2244 Ab
291 2184 347 2243 hoc
361 2203 445 2244 versu
460 2185 605 2263 usquead
628 2193 693 2245 140.
714 2186 882 2246 referuntur
903 2186 1021 2246 minime
1040 2188 1143 2263 sordet,
1164 2208 1223 2247 sv.

73 2301 154 2352 141.
170 2310 267 2368 usque
287 2288 325 2347 ad
346 2286 434 2347 finem
454 2287 584 2348 'recenset
602 2288 752 2353 infamiam
772 2300 803 2349 et
816 2288 945 2359 erimina,
965 2308 1092 2371 quorum
1104 2290 1225 2351 avaritia

72 2407 204 2467 semper
217 2388 299 2465 origo
312 2395 400 2464 atque
413 2385 591 2456 causalsult3
611 2385 687 2445 Ach.
733 2384 799 2445 126.
814 2386 863 2445 Sic
876 2387 992 2465 φενδωνίῳ
1003 2387 1088 2465 μέτρῳ
1108 2390 1146 2445 rit
1166 2386 1225 2446 uls-

74 2496 158 2551 taxa
184 2488 381 2570 iymagououiup
402 2494 495 2569 μετρεῖν
515 2488 592 2554 uicit
613 2494 663 2554 τοῖς
684 2486 745 2547 ἔνδον
767 2491 803 2547 rd
823 2489 961 2559 irrrn'dreu,
987 2491 1087 2571 optigit
1103 2491 1224 2566 tusum,

75 2590 238 2670 Theophr.
253 2587 338 2648 Char.
353 2587 410 2647 xl.
424 2598 497 2648 extr.
510 2587 563 2649 ubi
577 2586 652 2648 coni.
668 2588 790 2648 Casaub.
870 2588 991 2668 castigat
1004 2598 1120 2662 ventres,
1133 2590 1224 2652 eden-

75 2689 110 2746 di
129 2687 324 2767 cupiditatem
337 2688 504 2765 famemque
525 2697 645 2747 coercet.
727 2685 936 2765 modioiuiquo,
956 2686 1064 2765 injusta
1083 2708 1119 2748 uc
1137 2689 1224 2750 nimis

75 2810 179 2868 parva
192 2790 322 2849 demensi
335 2808 479 2848 mensura.
524 2797 590 2856 127.
606 2789 705 2869 Neque
717 2788 841 2859 sustinet,
855 2807 893 2847 ne
906 2809 924 2846 a
937 2808 967 2846 se
981 2787 1101 2866 quidem
1114 2771 1225 2850 animo}

78 2915 146 2972 que
159 2915 215 2953 suo
227 2915 322 2955 avaro
335 2893 491 2972 impetrare
511 2902 609 2970 potest
635 2911 786 2970 umquam,
808 2902 843 2950 ut
863 2890 969 2960 omnia,
991 2912 1057 2969 quae
1080 2890 1112 2950 in
1134 2891 1225 2955 alium

78 2992 165 3049 diem
192 2991 319 3050 servavit
340 3000 372 3048 et
395 2988 533 3065 seposuit,
558 2987 661 3046 mucidi
677 2987 764 3068 punis
773 2987 877 3066 frusto
897 2996 1047 3048 consumat.
1089 2989 1174 3062 Conf-
1188 2987 1226 3048 ad

79 3095 155 3164 XV,
173 3101 222 3154 88.
243 3105 273 3154 et
293 3093 399 3153 Horat.
421 3093 480 3151 Set.
502 3090 545 3164 11,
564 3099 593 3162 2,
609 3099 648 3156 57
662 3111 723 3170 seq.
804 3091 923 3161 cerulei,
937 3092 1023 3170 nigri.
1105 3091 1224 3163 macida,

80 3217 153 3274 quae
177 3195 292 3254 diutino
309 3195 368 3254 situ
386 3213 536 3252 mucorem
553 3204 729 3252 contraxere.
774 3201 840 3262 129.
857 3192 1025 3253 Hesternum
1045 3193 1171 3266 renutat
1193 3204 1226 3253 ut

78 3295 164 3363 ficiens
180 3293 254 3353 ἕωλον
272 3315 319 3373 ap.
341 3293 449 3353 Athen.
464 3292 537 3362 Vll,
552 3299 580 3350 2.
604 3292 654 3351 ubi
676 3292 843 3372 Schvveigh.
865 3292 928 3352 haec
947 3293 1115 3354 adnotavit:
1138 3294 1226 3354 Cibos

79 3398 180 3462 ἑώλους
194 3396 212 3452 i.
227 3416 252 3454 e.
266 3396 407 3454 hesternos
420 3393 467 3452 vel
484 3392 634 3471 pridianos
648 3393 756 3452 dlxisse
771 3393 890 3452 Graecos
903 3412 958 3471 pro
971 3395 1097 3455 rancidis
1108 3406 1160 3455 aut
1169 3416 1225 3475 pu-

79 3498 153 3556 tidis
166 3497 359 3577 eamdemque
373 3496 442 3555 inde
455 3496 603 3555 notionem
617 3495 749 3574 ejusdem
763 3494 898 3554 vocabuli
912 3496 950 3554 ad
963 3495 1033 3558 alias
1047 3519 1165 3578 quoque
1178 3520 1225 3560 res
1245 3561 1248 3566 ,

78 3601 206 3678 putidas
227 3612 281 3660 ant
302 3609 445 3659 vetustate
465 3597 609 3658 obsoletas
635 3597 725 3657 fuisse
744 3597 922 3670 translatum,
945 3602 1153 3680 pervulgatum
1172 3614 1224 3663 est.

80 3703 217 3762 Minutal
238 3703 457 3763 condimentum
479 3701 527 3760 vel
551 3702 644 3773 cibus,
669 3701 768 3761 edulia
788 3712 819 3760 et
837 3703 957 3780 opsonia
976 3725 1011 3764 ex
1033 3707 1119 3766 variis
1138 3708 1226 3766 rebua
1289 3748 1293 3757 .

79 3802 244 3863 minutatim
258 3814 288 3862 et
300 3802 468 3863 tessellatim
489 3801 622 3873 concisis,
644 3802 705 3880 (ap.
732 3800 835 3860 Isidor.
853 3822 890 3861 ex
909 3804 1006 3882 pisce,¹
1020 3804 1092 3878 oleo,
1114 3805 1177 3866 licis
1196 3816 1230 3872 etv

79 3904 229 3983 oleribus)
246 3905 325 3964 unde
345 3905 453 3964 uarium
473 3903 581 3964 dieitur
602 3903 729 3962 Martiali
744 3904 801 3974 XI,
816 3912 865 3974 32,
883 3913 928 3963 11.
969 3907 1053 3966 Conf.
1070 3908 1156 3986 Aple.
1172 3907 1225 3980 lv,
1249 3983 1252 3990 Ι

80 4015 113 4066 3.
135 4007 190 4086 qui
204 4007 327 4067 minutal
340 4006 497 4098 murinum,
520 4005 722 4077 Tarentinum,
739 4007 933 4087 Apicianum„
942 4008 1115 4082 Matianum,
1130 4011 1225 4081 dulce,

117 4227 134 4256 ¹¹
154 4229 256 4279 Caraub.
272 4229 304 4278 ud
322 4229 441 4292 Theophr.
463 4229 534 4278 Char.
553 4229 588 4276 X.
605 4241 642 4287 pr.
674 4227 770 4291 quidem
782 4228 918 4279 nominibus
934 4246 950 4278 a
968 4230 1058 4281 Graecis
1073 4231 1226 4294 exprimatur,

80 4297 196 4344 minimas
215 4298 293 4344 sordes
309 4297 408 4356 putabet
423 4310 474 4342 csse
489 4293 643 4358 μικρνλνγῖιν,
675 4293 750 4354 utrix
761 4294 812 4342 ullo
823 4311 838 4342 a
851 4296 975 4345 Romtnis.
1011 4297 1057 4346 Sed
1068 4299 1119 4346 hece
1135 4299 1226 4348 notior

79 4373 158 4420 quum
174 4364 265 4409 sordem
281 4363 389 4426 infimum
407 4359 494 4407 dixerit
515 4357 642 4420 Apuleius,
674 4367 724 4406 toto
735 4359 758 4406 h.
772 4359 790 4408 1.
804 4360 881 4410 aliens
891 4371 935 4421 est,
946 4363 1012 4426 quod
1022 4365 1082 4426 inpr.
1091 4379 1120 4412 er
1132 4380 1153 4413 v.
1170 4369 1224 4412 125.

79 4424 198 4489 quodque
208 4424 337 4488 parcissimi
348 4423 452 4474 hominis
465 4424 549 4473 vitium
560 4422 644 4472 multis
674 4422 822 4490 intelligitur.
928 4469 930 4478 ⁴
