3100 5250
441 414 491 479 IN
513 414 677 482 JUVEN.
702 416 801 482 SAT.
826 414 927 481 XIII.
1188 419 1250 479 517

113 593 197 646 nante
221 598 360 666 argentee
372 589 430 648 fuit
444 601 522 660 setes,
547 590 687 670 φήνοσοιι,
712 609 805 669 regno
826 590 959 649 nondum
983 600 1106 667 paterno
1126 588 1245 667 potitus,

113 684 234 747 aleretur
248 686 279 744 in
293 686 381 747 Idoeis
393 688 494 758 catria
515 708 611 767 neque
624 690 688 769 jam
701 708 822 749 uxorem
837 689 969 749 duxisset
982 688 1127 749 Juaoaem.
1162 690 1248 750 Cous.

114 789 164 861 VI,
182 788 312 849 14-16.
326 789 416 851 antris
433 790 529 863 Idoeie,
551 792 623 863 Idea,
636 792 744 852 montis
756 792 913 851 Cretensis.
954 792 1049 851 Fuere
1068 801 1176 860 nmen,
1197 791 1248 869 qui

112 891 211 949 Jorem
225 891 259 949 in
274 891 339 965 Ida,
358 891 496 971 Pbrygiae
508 905 618 963 monte,
638 904 741 955 natum
755 893 971 971 educatumque
990 892 1148 962 traderent,
1168 903 1248 971 poet·

113 1010 195 1069 quam
208 991 340 1052 oonfusoe
352 991 460 1052 fabulae
474 993 628 1053 Cretenses
641 1004 672 1053 et
687 992 873 1072 Phrygiae.1⁰

149 1099 280 1152 42-45.
301 1094 380 1152 Tum
394 1094 454 1154 vita
468 1094 601 1155 Deorum
614 1116 632 1154 a
644 1094 741 1174 poetis
753 1094 887 1156 nondum
900 1095 939 1155 sd
951 1096 1074 1156 heroum
1092 1094 1183 1155 vitem
1203 1114 1249 1155 ec·

114 1194 293 1254 commodata
306 1205 377 1265 erat,
394 1215 450 1255 nec
463 1206 524 1255 tam
537 1196 687 1258 luxuriosa
699 1197 788 1257 enam
802 1199 904 1269 efficta,
925 1197 972 1257 vel
989 1197 1121 1277 juerrnds
1134 1208 1164 1259 et
1176 1198 1249 1259 otio-

112 1311 149 1359 sa,
162 1301 195 1351 nt
208 1291 352 1351 Saliarem
373 1291 404 1351 in
424 1293 548 1353 modum
562 1293 694 1373 quotidie
713 1292 913 1373 epularentur.
956 1293 1053 1355 Poetae
1072 1293 1250 1363 fabulantur,

114 1387 188 1465 quod
201 1386 254 1447 rel
266 1388 411 1448 tironibus
424 1399 528 1449 notum
541 1399 595 1460 est,
616 1390 750 1451 convivia
762 1411 782 1450 a
794 1390 860 1453 Diis
880 1390 1003 1453 heroum
1022 1408 1103 1461 more
1123 1388 1182 1469 egi,
1202 1388 1251 1449 iis·

112 1506 166 1564 que
184 1487 226 1547 ud
246 1487 369 1567 οφιινΙιοο,
388 1508 407 1548 a
427 1488 551 1567 poculis,
574 1492 695 1569 cluxiam
714 1510 787 1561 esse,
811 1494 860 1567 (ut
878 1510 926 1569 ep.
943 1490 1031 1569 Pmp.
1047 1488 1100 1559 IV,
1116 1496 1145 1561 8,
1159 1494 1209 1555 37.
1222 1498 1252 1553 et

115 1585 216 1645 Horat.
233 1585 293 1646 Od.
309 1586 336 1657 1,
349 1594 399 1658 29,
413 1594 441 1647 8.
461 1589 514 1647 ubi
528 1609 556 1647 r.
570 1588 747 1668 Mitseherl.)
764 1609 884 1668 pueram
897 1588 1027 1665 Ilionam,
1049 1586 1251 1667 Ganymeden,

114 1689 324 1766 pulcerrimum
340 1690 482 1769 juvenem
502 1690 656 1771 liliumque
677 1690 762 1753 Trois
783 1690 831 1751 vel
851 1689 1035 1751 Erichthonii
1057 1689 1104 1748 vel
1117 1689 1251 1749 Assaraci
1326 1762 1335 1769 ·

114 1790 157 1849 vel
171 1790 221 1861 lli,
235 1808 340 1869 regum
355 1790 561 1870 Trojanorum,
584 1801 611 1851 et
622 1790 781 1869 somam
797 1790 931 1851 Herculis
944 1811 1066 1863 acorna,
1082 1790 1197 1851 Heben.
1208 1824 1249 1837 —

111 1900 157 1953 44.
170 1901 221 1953 45.
236 1892 335 1954 Verba
347 1892 494 1970 explicatu
507 1892 687 1964 difficillime,
710 1912 766 1951 nee
785 1913 803 1950 a
822 1914 970 1971 quoquam
990 1892 1183 1972 interpretum
1204 1894 1249 1951 in-

112 1994 247 2056 tellecta:
259 1996 282 2033 ¹¹
303 2014 370 2072 quoe
384 1992 442 2051 hoc
456 2013 542 2053 sensu
556 1993 661 2071 capior
682 1992 741 2051 Nec
758 2012 833 2070 puer
854 1993 961 2053 Itiacrsr
981 1994 1020 2053 ud
1038 1996 1151 2072 cyutbm
1164 1995 1250 2072 (erat,

112 2098 157 2159 vel
173 2118 261 2178 quara
275 2114 325 2153 nee
337 2128 378 2141 -
391 2097 492 2173 esset),
511 2114 560 2153 nec
575 2092 709 2153 Herculia
721 2113 793 2153 ator
806 2102 833 2151 rt
851 2093 1000 2165 Vulcanus,
1020 2096 1170 2173 pocillator
1183 2097 1252 2159 deo-

109 2222 191 2271 rnm,
206 2221 244 2260 ex
258 2198 371 2279 officina
385 2196 521 2275 Lipuroec
534 2196 697 2269 arcessitus,
714 2198 797 2257 fumo
811 2197 897 2275 niger
909 2208 940 2257 et
952 2197 1023 2259 hinc
1035 2198 1151 2259 amna
1165 2219 1182 2259 e
1195 2201 1253 2259 sor-

110 2324 187 2363 naoe
200 2312 232 2362 et
251 2300 366 2361 camino
385 2298 469 2377 nigra
490 2307 607 2377 tergens,
628 2299 684 2359 sibi
704 2298 868 2377 detergens,
890 2318 983 2378 quum
1004 2300 1035 2359 iu
1055 2320 1091 2359 eo
1112 2311 1195 2371 esset,
1221 2312 1254 2361 ut

114 2400 281 2482 porrigeret
293 2398 350 2457 diis
369 2396 485 2476 poeula,
506 2405 625 2468 nectare,
649 2397 719 2459 vino
738 2397 870 2467 deorum,
892 2416 972 2457 more
986 2395 1056 2461 olim
1075 2397 1169 2469 solito,
1187 2401 1253 2478 jam

114 2505 225 2573 umato,
240 2500 390 2571 exhausto,
404 2520 442 2559 ex
456 2499 625 2570 crateribus,
639 2498 799 2579 majoribus
814 2498 889 2559 raaia
901 2498 932 2557 in
946 2500 1037 2561 abaco
1049 2500 1162 2581 positia,
1180 2488 1210 2561 e't
1223 2500 1253 2559 in

117 2602 240 2684 eyotboe,
263 2599 375 2660 minora
397 2596 512 2677 poeula,
535 2596 642 2658 infuso.
685 2597 769 2657 Conf.
795 2596 833 2658 ad
855 2597 894 2668 V,
916 2604 963 2664 47.
1005 2597 1082 2678 Nem
1102 2598 1254 2664 ,Iuvenalis

119 2699 244 2780 respexit
260 2698 358 2760 Iocum
374 2695 464 2756 Hom.
481 2695 515 2754 11.
532 2695 558 2767 l,
573 2702 633 2764 59⁷
648 2715 709 2773 ΒΘ(1·
734 2695 787 2776 ubi
802 2693 950 2754 Vulcanus
965 2695 1053 2775 Αὐτὰρ
1066 2697 1078 2754 i
1090 2701 1140 2763 τοῒς
1153 2694 1256 2756 ἄλλοισι

120 2800 181 2867 broie
200 2798 295 2877 ὖοδίξιοο
318 2801 392 2856 πᾶσιν
414 2797 537 2877 ᾯνοχόοι,
560 2797 646 2876 γλοιοῦ
668 2796 755 2876 νίοιτοιρ
774 2798 828 2854 oiri
847 2797 964 2876 κρητῆρος
986 2795 1107 2872 ἀφύσσων.
1130 2797 1178 2875 (ut
1190 2798 1219 2857 b.
1234 2796 1253 2854 l.

118 2899 219 2960 &aa
231 2907 351 2968 nederc,
365 2908 395 2958 et
406 2917 455 2976 ap.
470 2897 561 2956 Hom.
575 2894 634 2955 Od.
653 2895 753 2965 1x‚9.
771 2903 815 2956 10.
836 2895 898 2968 ata
918 2893 939 2952 δ’
961 2896 989 2952 ia
1009 2897 1126 2975 κρητῆρος
1138 2894 1254 2971 deictus

122 3003 238 3080 Οἰνοχόος
252 3000 347 3080 φορέῃσι
361 3001 407 3056 κον]
418 2999 511 3077 imin
524 2997 674 3074 διτάισσιν.)
699 2993 834 3066 Ἀσβεστος
854 2994 876 3052 δ’
897 2991 937 3074 ἄρ’
958 2993 1041 3074 ἐνῶρτο
1060 2993 1146 3072 ρέλοις
1163 2996 1255 3064 moi*
1303 3034 1306 3042 ·

120 3117 175 3179 ροισι
186 3098 285 3168 θεοῖσιν.
298 3099 349 3166 Ὦς
360 3096 410 3157 ἴδον
418 3097 563 3176 Ἥφαιστον
577 3087 625 3153 tut
634 3095 746 3166 δώματα
758 3091 911 3152 ποιπνύοντα.
964 3092 1087 3155 Notavit
1098 3090 1186 3152 aimnl
1199 3092 1257 3152 dit·

120 3200 228 3261 crimen
240 3198 355 3278 insigne
368 3196 486 3256 illorum
501 3195 744 3273 pincernarum,e
759 3191 868 3272 quibus
881 3191 941 3251 duo
951 3192 1033 3252 fuere
1047 3190 1257 3269 fhrraoaisaimi,

122 3302 306 3382 Ganymedes
319 3312 349 3363 et
364 3299 462 3370 Hebe,
476 3298 579 3360 tertius
590 3317 661 3357 vero
674 3296 822 3386 deformis,
833 3293 984 3354 Vulcanus
998 3292 1120 3353 claudus
1133 3304 1163 3353 et
1175 3294 1258 3356 fumo

123 3404 222 3485 uigm
244 3423 298 3465 nec
312 3403 374 3462 sine
392 3401 524 3462 irrisione
544 3400 666 3460 deorum
686 3411 718 3460 et
736 3395 922 3476 pocillatoria
964 3393 1010 3453 CI.
1026 3395 1065 3468 X,
1083 3403 1140 3456 130
1154 3417 1214 3475 seq.
1227 3408 1258 3456 et

125 3501 156 3573 V,
170 3501 302 3565 δτι-62.
316 3501 417 3578 ibique
428 3510 487 3561 not·
530 3497 629 3557 Verba
642 3506 741 3554 tamen
754 3491 857 3552 nocato
870 3499 980 3550 nectare
993 3490 1082 3570 paulo
1099 3491 1202 3551 durius
1217 3493 1258 3554 sic

126 3685 203 3746 VIII,
219 3689 358 3735 tlt-829.
394 3683 466 3731 Cont'.
485 3697 536 3744 sup.
561 3642 609 3738 VI,
628 3684 676 3730 1-
706 3673 962 3740 postrenonseputss
972 3685 995 3724 et
1003 3689 1117 3734 mensem,
1127 3675 1168 3724 ubi
1180 3683 1260 3721 nectar

127 3755 160 3800 lt.
706 3739 824 3798 exhausit,
836 3742 918 3804 surgit,
930 3755 1016 3788 manus
1032 3749 1130 3802 tergens,
1147 3755 1209 3802 eque
1225 3738 1258 3785 Is·

156 3814 209 3864 '‘r-
224 3813 385 3866 Passerem
403 3813 476 3874 Prop-
490 3810 546 3868 111,
561 3814 633 3868 isti.
652 3817 677 3859 et
708 3822 774 3863 rens,
793 3805 930 3866 enepotius
946 3805 1104 3854 madefaciens
1120 3814 1143 3850 et
1159 3803 1259 3913 irrigans

128 3871 260 3944 Bryne'sd
278 3877 392 3940 Apollod.
406 3877 430 3937 1,
443 3882 464 3937 l,
476 3882 496 3923 1.
515 3885 574 3923 extr.
593 3890 617 3936 p.
633 3879 671 3924 1⁵.
705 3877 898 3932 neotereepotoe
912 3867 1185 3936 veldenique,nondum
1221 3867 1257 3914 ul-

129 3949 161 3994 le.
171 3945 212 3994 ed.
224 3960 272 3992 ree.
285 3961 310 4006 p.
320 3951 343 3993 7.
706 3951 782 3986 cauus
799 3933 825 3982 in
839 3933 934 3982 officina
946 3934 1054 3995 Liparen
1069 3941 1166 3992 aponum
1178 3939 1258 3979 nemer

156 4009 171 4040 ¹¹
184 4009 330 4058 Haeserbe
340 4008 403 4056 rerie
413 4006 605 4067 interpretentur,
622 4003 674 4052 vel:
707 4001 778 4065 nigro
795 3999 890 4050 brachio
908 4002 938 4048 ab
954 4013 994 4048 ore
1009 3996 1112 4046 detersit
1143 3997 1257 4045 Ceterum

129 4075 232 4124 nundum
244 4073 376 4127 Vulcanus,
393 4083 447 4134 port
456 4072 569 4118 brumen
580 4069 606 4115 in
617 4067 677 4116 ooelo
709 4065 791 4115 omnia
802 4063 873 4126 plena
888 4079 939 4112 esse
954 4073 978 4111 et
994 4061 1073 4110 facilis
1083 4061 1140 4109 dicit
1153 4062 1214 4110 Ach.
1232 4061 1258 4108 iu

128 4134 678 4266 immutant?
708 4126 1257 4259 tfftsrrttttstttfflotlun

129 4269 219 4318 brechia
240 4269 373 4332 detergens,
401 4267 502 4315 deorum
523 4263 677 4313 accumbebat
701 4259 758 4322 jam
780 4263 863 4310 siccum
882 4269 981 4317 uectore,
1004 4259 1118 4306 exhausto
1133 4255 1198 4318 prius
1217 4271 1259 4318 po-

130 4347 214 4382 nensoe
229 4344 255 4381 st
270 4345 351 4382 nectar
370 4335 479 4393 putthen
505 4329 551 4386 ret,
569 4327 678 4377 nondum
709 4325 765 4374 culo
790 4323 889 4374 nectaris
911 4324 988 4388 pleno,
1016 4326 1047 4372 ud
1068 4325 1162 4386 spatior
1182 4322 1260 4372 adnm

131 4410 175 4448 eur
193 4397 321 4448 Vulcanus
337 4397 404 4446 taber
428 4398 545 4452 Deorum,
566 4392 608 4457 qui
626 4393 678 4458 jam
710 4400 778 4440 esset

160 4487 224 4534 Vos„
240 4485 278 4534 11.
338 4523 344 4534 ,
679 4480 704 4528 K
718 4479 735 4528 k
