3100 5250
455 495 507 561 IN
529 497 695 564 IUVEN.
720 500 825 566 ssu
845 499 871 564 Ι.
1192 507 1230 566 15

94 677 238 728 mate
260 669 392 732 incensae
414 671 498 732 docte
520 672 633 734 dictm
654 674 747 734 videri
767 685 864 754 potest
883 673 922 734 de
943 673 1093 752 Crispino,
1114 675 1240 736 humens

91 767 226 846 delapsae
241 769 352 830 iterum
367 771 522 850 colligente
536 773 674 845 lacernas,
693 794 777 834 more
788 774 917 832 hominis
929 772 1009 841 nori,
1025 774 1079 851 qui
1093 773 1141 833 his
1157 777 1243 834 vesti·

88 872 141 929 hus
155 871 204 932 nti
218 874 335 936 nescit:
355 875 410 934 nisi
429 895 577 954 exponere
596 876 682 936 malis
696 897 764 936 eum
780 875 872 934 Gron.
887 875 974 934 Obss.
987 874 1031 943 11,
1049 882 1094 942 19.
1116 874 1244 936 humero

87 973 223 1039 lucernas
250 976 404 1040 adstrictos
424 989 456 1036 et
479 978 616 1056 religatus
640 979 738 1038 fibulis
759 979 897 1038 habente.
940 977 977 1036 Id
997 977 1125 1036 arridere
1145 989 1245 1056 potest

87 1073 153 1132 coll.
170 1075 281 1136 Sidon.
295 1075 334 1134 Il.
349 1073 415 1146 396.
447 1076 573 1154 (Fibula
592 1077 715 1136 mordaci
735 1077 854 1156 refugus
873 1097 892 1135 o
911 1085 1022 1156 pectore
1040 1085 1128 1134 vater
1147 1075 1244 1136 Dente

84 1173 192 1252 capit)
219 1184 251 1233 et
264 1174 334 1252 inpr.
348 1173 502 1234 Claudisn.
523 1175 555 1234 iu
577 1175 674 1234 Rufin.
690 1175 732 1249 II,
748 1185 797 1246 79.
820 1182 950 1253 (revocat
957 1172 1061 1254 saluas
1081 1174 1112 1232 ia
1127 1183 1243 1254 pectore

81 1276 211 1356 pelles),
234 1277 283 1336 uhi
304 1277 416 1356 Koeuig
435 1278 500 1338 Iuec
519 1277 687 1338 adnotavit:
711 1289 731 1316 “
746 1278 911 1358 Imaginem
925 1279 1022 1338 euntis
1035 1289 1132 1358 potest
1142 1278 1242 1356 expri-

84 1393 178 1444 mere,
200 1375 251 1434 cui
264 1375 359 1454 pellis,
382 1397 451 1454 quae
465 1376 496 1435 in
515 1389 634 1456 pectore
646 1377 738 1438 fibula
752 1397 805 1437 seu
826 1377 905 1436 nodo
925 1377 1103 1447 continetur,
1128 1376 1240 1436 circum

85 1473 232 1535 humeros
246 1487 277 1534 et
289 1496 307 1534 a
319 1486 404 1556 tergo
416 1476 543 1556 pendet:
565 1477 590 1536 is
610 1477 699 1548 eninr,
721 1475 794 1536 dum
815 1476 1014 1556 progreditur,
1035 1475 1144 1554 pellem
1157 1477 1240 1556 quasi

84 1585 211 1646 reuocat,
229 1578 320 1638 trahit
332 1589 398 1657 post
411 1600 451 1648 se,
467 1579 617 1660 praecipue
630 1591 739 1650 autem,
754 1599 849 1660 quum
858 1600 936 1658 equo
945 1579 1072 1639 vehitur.
1083 1579 1121 1639 cf.
1131 1581 1151 1640 J
1153 1601 1239 1640 uven.

86 1675 114 1744 1,
130 1679 218 1741 275'.
245 1677 382 1736 Similiter
395 1676 549 1736 Claudian.
568 1677 601 1736 in
623 1677 746 1756 Eutrop.
762 1678 804 1746 II,
822 1684 889 1737 183.
921 1677 992 1736 Post
1011 1685 1093 1756 terga
1114 1677 1241 1738 redentor

90 1772 236 1832 Uberibus
250 1777 369 1854 propior
388 1775 531 1835 mordebat
544 1775 643 1852 fibula
662 1783 758 1844 verm,
783 1787 814 1835 et
840 1774 981 1834 Prudent.
1003 1775 1159 1854 Psychom.
1183 1775 1241 1836 186

84 1895 144 1954 seq·
155 1927 158 1934 .
171 1877 320 1936 Cerbereo
335 1898 371 1936 ee
385 1877 508 1936 tumme
521 1899 625 1938 summo
636 1878 748 1938 collecto
762 1878 852 1938 coibat
866 1878 1037 1951 Potestne,
1052 1889 1163 1938 teretem
1177 1901 1240 1940 nec·

84 1981 141 2030 tm
153 1993 173 2030 a
192 1976 422 2052 pretereundum
436 1987 490 2038 cet
533 1976 593 2036 Sed
606 1989 728 2056 propter
742 1998 825 2056 seqq.
845 1977 1032 2057 praeferenda
1049 1979 1126 2038 forte
1146 1979 1239 2059 expii·

86 2077 157 2134 tutio
172 2077 317 2149 Ferrarii,
331 2078 384 2158 qui
399 2079 436 2138 de
452 2079 495 2138 Ile
508 2078 590 2138 Vest.
605 2081 660 2152 IV,
677 2087 724 2140 13.
744 2080 870 2150 monuit,
891 2081 1022 2142 vernulae
1043 2082 1182 2162 objectori
1195 2082 1240 2140 Ia·

85 2199 181 2236 ennae
194 2180 262 2240 aive
276 2179 411 2258 penulas
428 2180 542 2260 Tyrias,
561 2181 637 2242 forte
650 2183 805 2261 dibaphas,
826 2204 932 2262 easque
946 2185 1070 2244 leviores
1083 2197 1113 2245 et
1125 2186 1240 2244 tenuio-

85 2299 134 2348 res,
148 2301 226 2358 quse
240 2300 297 2357 pcr
312 2291 443 2338 aestatem
456 2279 620 2342 delicatulis
633 2293 830 2359 gestarentur,
848 2295 880 2341 et
893 2284 973 2360 quod
986 2293 1128 2360 preterea
1140 2284 1241 2360 plures

84 2381 239 2459 ejusmodi
253 2380 388 2440 lacernas
401 2381 578 2450 revocaverit,
590 2381 621 2440 h.
633 2402 659 2440 e.
673 2382 782 2458 sepius
793 2383 964 2450 mutaverit,
977 2392 1014 2440 ut
1027 2381 1127 2440 Zoilus
1140 2384 1244 2461 etipse

85 2481 247 2559 Crispinus
261 2503 311 2561 ap.
327 2481 454 2540 Martial.
470 2481 508 2552 V,
525 2487 574 2551 80,
589 2489 617 2540 2.
635 2491 665 2540 et
678 2480 769 2551 VIII,
785 2487 835 2550 48,
851 2488 879 2542 2.
920 2481 1064 2542 Reooeore
1077 2493 1175 2542 tamen
1188 2483 1245 2544 hoc

86 2599 168 2640 sensu
180 2579 247 2639 dici
257 2599 347 2659 posse
357 2580 405 2639 vir
416 2579 600 2653 crediderIm,
611 2580 774 2659 ceterisque
785 2580 898 2641 veriora
910 2591 941 2641 et
947 2580 977 2640 h.
988 2581 1008 2640 l.
1018 2581 1132 2661 aptiora
1140 2583 1242 2643 viden·

88 2690 143 2745 tur,
154 2698 223 2756 quae
238 2677 396 2736 adnotavit
410 2676 581 2735 Helneclre:
606 2687 627 2716 ⁶‘
639 2676 742 2737 Mollis
755 2678 905 2748 humerus,
916 2680 967 2757 qui
981 2678 1111 2739 lacernas
1125 2682 1238 2741 tenuio-

92 2800 137 2839 res
149 2779 335 2859 levioresque
351 2778 415 2857 jam
435 2778 569 2857 proxima
589 2789 689 2839 aestate
710 2791 740 2839 et
753 2780 862 2858 sepius
875 2793 1049 2858 gestaverat,
1066 2782 1119 2843 sed
1133 2782 1237 2861 incipi-

92 2892 152 2961 ente
167 2882 279 2961 hyeme
295 2881 480 2959 deposuerat,
495 2898 585 2949 nunc,
600 2900 694 2959 quum
708 2900 810 2941 rursus
823 2892 908 2941 ersus
921 2892 975 2954 est,
995 2884 1137 2942 reuocati.
1152 2906 1178 2944 e.
1191 2904 1237 2945 re-

93 2981 175 3041 sumit
189 2980 316 3041 estivas
359 2977 498 3037 Reooeari
511 2978 591 3037 enim
605 2978 722 3049 dicitur,
747 2979 831 3058 quod
842 2980 1024 3059 aliquamdiu
1037 2981 1238 3044 intermissum

92 3080 126 3137 ad
139 3080 299 3158 pristinum
318 3096 433 3137 morem
451 3088 482 3139 et
494 3066 581 3137 usum
596 3078 756 3139 reducitur.
782 3080 846 3141 .cf.
861 3081 985 3141 Dueker
998 3081 1037 3141 ad
1052 3082 1134 3141 Suet.
1148 3082 1239 3160 Vesp.
1264 3088 1267 3094 '

93 3198 115 3236 c
130 3176 190 3237 16.”
233 3178 283 3235 De
297 3176 419 3236 lacernis
433 3197 463 3235 v.
476 3176 515 3235 ad
530 3176 586 3235 IX.
601 3184 640 3235 28
655 3197 715 3262 seq.
726 3210 768 3223 —
780 3176 896 3237 Ventilet
916 3198 1029 3248 aarum,
1051 3178 1175 3237 annulos
1188 3200 1240 3239 au·

92 3294 151 3335 reos
166 3278 328 3355 (Equitum
342 3275 472 3355 insigne)
497 3274 535 3333 de
556 3272 650 3352 digito
671 3275 817 3335 detractos
837 3275 869 3333 in
889 3274 1016 3334 sublime
1037 3276 1130 3355 jactet
1148 3289 1178 3338 et
1198 3277 1239 3339 ita

96 3378 170 3455 quasi
183 3378 348 3457 refrigeret·
391 3376 439 3435 lta
452 3374 525 3434 Brit.
541 3375 643 3435 etalii.
685 3376 744 3437 Sed
763 3375 901 3451 ventilare
913 3376 1012 3437 forsan
1025 3378 1053 3437 h.
1069 3378 1088 3436 l.
1102 3389 1146 3439 est
1159 3380 1238 3442 ultro

96 3480 220 3559 citroque
234 3498 363 3550 movere,
374 3480 486 3559 jactare
501 3488 531 3539 et
544 3488 689 3539 ostentare
703 3479 734 3537 in
746 3478 859 3558 dIgitis,
870 3479 1044 3557 quibuscum
1058 3481 1099 3541 ita
1112 3482 1235 3555 luditur,

97 3592 127 3638 ut
152 3594 309 3641 cernantur
329 3580 440 3641 annuli.
521 3601 621 3641 aurum
640 3580 778 3652 oeetiuum,
799 3580 922 3643 annulos
939 3582 1063 3644 leviores
1082 3585 1237 3665 tenuisque

95 3681 221 3753 bracteae,
243 3704 318 3761 quos
333 3683 379 3745 vir
392 3681 488 3741 mollis
502 3692 532 3741 et
545 3682 689 3743 delicatus
704 3682 759 3741 sibi
778 3682 926 3744 faciendos
938 3685 1062 3756 curavit,
1082 3706 1136 3765 per
1149 3698 1233 3748 asta-

95 3792 152 3841 tem
165 3785 328 3863 gestandus,
344 3786 419 3865 (quo
433 3804 519 3843 sensu
533 3784 606 3843 leues
620 3784 740 3843 arinates
753 3784 830 3845 dixit
842 3786 969 3846 Martiel.
986 3787 1022 3855 V,
1037 3786 1087 3856 62,
1103 3791 1146 3868 5.)
1162 3809 1236 3867 quo·

97 3884 173 3943 nium
189 3886 216 3944 ei
229 3897 292 3945 turn
304 3886 391 3946 nimis
404 3886 507 3965 gravia
520 3898 550 3945 et
563 3886 687 3945 molesta
699 3886 816 3965 majoris
824 3888 952 3967 peridem
963 3895 1090 3969 gemme,
1101 3889 1132 3947 h.
1146 3910 1172 3947 e.
1185 3908 1238 3946 an-

99 3986 168 4057 nuli,
184 3990 235 4066 (ut
248 3988 298 4047 int.
313 4008 339 4046 v.
353 3988 417 4069 68.)
438 3990 486 4049 cui
501 4010 620 4067 gemma
633 3990 815 4069 pregrandIs
832 3990 951 4061 inserta,
969 3992 1050 4051 unde
1064 4013 1082 4050 a
1095 3990 1236 4050 delicatu-

100 4088 132 4147 lis
143 4111 194 4167 per
207 4090 344 4170 hyemem
357 4094 535 4170 gestabatur.
579 4090 629 4153 sic
647 4092 767 4151 annulus
787 4085 886 4171 ingena
898 4093 971 4165 VII,
997 4102 1063 4154 140.
1085 4102 1116 4152 et
1136 4102 1237 4154 contre

101 4188 188 4250 leuitas
200 4192 438 4253 oertiva'restium
453 4194 609 4254 sericarum
624 4194 731 4254 dicitur
746 4194 843 4253 Pliuio
856 4196 943 4265 XXI,
959 4204 987 4256 8.
1006 4196 1055 4255 vel
1069 4194 1163 4257 certitu
1175 4198 1236 4257 uia·

101 4287 191 4347 ticotur
210 4288 306 4350 Plaut
323 4290 403 4351 Men.
419 4292 461 4362 II,
479 4300 505 4363 1,
518 4298 565 4351 30.
607 4290 651 4350 Cf.
665 4290 766 4351 Barth.
781 4292 906 4353 Advers.
929 4292 1021 4363 XIII,
1039 4298 1085 4352 13.
1126 4294 1236 4376 Koenig

102 4384 132 4441 ad
146 4388 220 4448 Pers.
236 4389 261 4457 I,
280 4388 325 4449 16.
370 4389 481 4449 Gorloei
496 4388 612 4469 Dactyl.
624 4409 653 4467 p.
671 4395 717 4448 10.
731 4399 761 4447 ct
778 4394 824 4449 12.
861 4390 1050 4450 Kirchmann.
1064 4389 1102 4449 de
1115 4392 1194 4451 Ann.
1209 4414 1235 4453 c.

104 4486 141 4546 ll·
172 4484 305 4545 Turneb.
329 4488 455 4547 Advcrs
478 4486 547 4555 XX,
569 4496 596 4547 2.
633 4488 731 4545 Graev.
747 4485 821 4565 Syll.
835 4484 936 4546 Burin.
952 4487 986 4546 Τ.
1002 4486 1055 4548 IV.
1071 4508 1101 4566 p·
1119 4496 1185 4549 lut.
1205 4502 1236 4551 et
