3100 5250
471 490 522 556 IN
544 488 709 558 IUVEN.
734 492 834 558 SAT.
860 493 922 560 XI.
1197 502 1261 561 478

119 663 183 725 sim.
226 662 347 743 Sitque
359 662 408 723 vel
420 663 572 743 legumina
586 676 616 725 et
629 684 729 744 propr.
743 685 846 726 eorum
860 664 993 735 folliculi,
1009 666 1110 745 quales
1124 668 1198 747 pisa,
1217 670 1261 729 fa·

114 765 169 836 be,
186 762 285 841 lupini
301 774 355 823 oet
369 763 487 835 habent,
504 764 572 843 (Gr.
587 764 671 839 λοβο),
685 765 762 825 Gall.
778 766 827 825 des
837 768 965 845 gousscr)
987 766 1035 824 vel
1048 767 1163 829 fructus
1175 771 1260 831 arbo-
1323 844 1325 849 ,

112 864 156 925 ris
170 864 314 926 silvestria
327 887 349 925 a.
363 865 437 927 ficus
451 867 612 948 AEgyptioe,
635 868 796 949 (nugatorie,
816 868 897 927 unde
910 869 1023 929 fructus
1042 872 1160 951 urguent,
1183 872 1259 933 Gall.
1333 936 1336 943 ,

113 962 231 1022 motu
243 984 267 1023 a.
280 969 430 1044 comga)
443 984 504 1046 quo
517 984 579 1024 non
591 975 706 1024 tuntum
720 985 796 1034 sues,
812 975 846 1024 ut
859 964 939 1043 apud
951 984 1005 1025 nos
1018 965 1188 1044 glandibus,
1209 968 1260 1029 sed

114 1062 211 1121 edam
222 1064 299 1123 serti
313 1074 344 1123 et
356 1064 465 1124 inlimae
478 1063 653 1125 conditionis
671 1064 804 1124 homines
824 1063 985 1123 alebantur.
994 1065 1018 1102 ¹⁶
1107 1068 1210 1145 prades,
1232 1088 1259 1127 v.

113 1162 159 1221 ad
170 1162 243 1234 VII,
257 1170 324 1223 185.
338 1176 369 1224 et
382 1165 458 1245 inpr.
477 1164 563 1235 XIV,
580 1171 647 1231 171.
660 1198 703 1214 -
716 1170 765 1233 59.
784 1162 885 1222 Corum
899 1162 973 1233 eliis,
993 1163 1100 1243 palum,
1121 1165 1169 1225 vel
1183 1166 1260 1227 clara

113 1282 202 1335 voce,
216 1275 250 1325 ut
262 1265 312 1324 ulii
325 1266 358 1324 id
370 1268 493 1327 audiant
506 1286 614 1347 meque
626 1264 772 1345 frugalem
786 1263 961 1326 existiment.
1053 1267 1150 1327 dictem
1161 1290 1258 1349 puero

110 1365 214 1444 peruri
226 1368 385 1447 afferrique
397 1370 470 1429 mihi
479 1371 612 1450 jubeam.
707 1370 738 1429 in
750 1390 830 1440 oure,
853 1368 927 1429 clam
942 1381 973 1429 et
985 1368 1177 1433 insusurrans.
1212 1373 1258 1432 cf.

112 1463 223 1524 Horat.
237 1465 296 1525 Sat.
312 1466 338 1536 1,
354 1476 384 1538 9,
401 1476 431 1538 9.
447 1475 493 1527 10.
584 1468 741 1549 placentur,
755 1466 906 1539 dulciaria,
920 1466 1021 1529 cibum
1039 1468 1258 1542 delicatiorem

112 1582 208 1641 quem
230 1566 379 1644 quomodo
406 1567 575 1647 paraverint
602 1568 736 1639 Romani,
762 1567 850 1629 docet
871 1568 945 1627 Caro
972 1568 1007 1627 R.
1030 1568 1065 1627 R.
1087 1568 1135 1635 76.
1156 1569 1209 1629 ubi
1228 1588 1258 1631 r.

116 1662 218 1743 intpp

159 1764 210 1825 60.
221 1766 336 1827 conoieu
348 1767 418 1827 milri
427 1770 593 1849 promissat,
614 1771 666 1848 qui
685 1782 717 1829 te
735 1770 809 1829 mihi
834 1770 987 1830 convivam
1000 1772 1135 1831 futurum
1148 1772 1259 1850 promi·

108 1865 198 1927 aistis
227 1869 325 1929 Schol-
366 1870 428 1943 Qui
450 1872 592 1935 invitatur
613 1871 653 1930 ad
674 1892 789 1931 omnam
811 1883 841 1931 et
864 1892 895 1932 se
916 1884 1075 1934 venturum
1101 1874 1257 1953 promittit,
1328 1898 1331 1907 ·

107 1968 225 2027 dicitur
240 1970 403 2049 promittere
423 1974 469 2048 (ae
484 1975 657 2050 venturum)
678 1974 717 2029 ud
737 1973 855 2050 aliquem
869 1993 891 2031 s.
906 1974 945 2032 ud
963 1994 1088 2042 erenum
1114 1978 1258 2037 condicere

106 2086 187 2127 vero
199 2090 305 2129 coenum
317 2070 404 2129 alicui
416 2084 447 2130 et
461 2070 558 2149 simpl.
571 2070 657 2129 alicui
671 2071 719 2130 vel
730 2071 826 2150 aliquo
839 2072 879 2128 ud
891 2092 1004 2145 mum,
1020 2075 1136 2151 (Germ.
1150 2078 1209 2137 siclt
1223 2101 1258 2139 cu

106 2180 198 2250 gasle
210 2173 313 2250 Meu)
327 2171 380 2249 qui
392 2170 561 2242 denunciat,
581 2192 613 2231 se
631 2172 669 2231 ad
690 2192 805 2232 coenam
827 2182 995 2232 venturum.
1007 2174 1031 2212 ¹⁶
1085 2176 1132 2235 61.
1147 2178 1260 2239 lumbis

106 2274 293 2345 bandum,
308 2294 356 2333 me
368 2294 529 2353 pauperem
549 2286 580 2333 et
599 2274 745 2353 frugalem
758 2274 915 2353 hospitem,
939 2285 969 2335 ct
989 2276 1079 2335 uenies
1096 2278 1262 2357 Tirynthius

105 2379 159 2431 aut
173 2372 271 2430 πίνων
283 2371 332 2430 tuo
344 2371 450 2451 lorpes,
464 2394 483 2431 a
495 2392 544 2433 me
556 2372 685 2451 hospitio
696 2372 738 2432 ita
750 2372 915 2452 excipieris,
930 2383 964 2432 ut
977 2373 1047 2432 olim
1067 2376 1105 2434 ab
1120 2376 1260 2439 Evandro

110 2473 265 2535 Hercules
286 2484 338 2534 aut
359 2476 476 2535 AEueaa.
518 2475 608 2535 Poeta
626 2464 744 2534 memor'
757 2475 817 2536 fuit
837 2474 894 2535 loci
907 2475 991 2555 Virg.
1006 2478 1075 2536 AEn.
1090 2477 1180 2551 VIII,
1204 2488 1261 2542 100

109 2600 175 2660 ecq-
191 2590 221 2642 et
235 2578 408 2652 859-869.
423 2582 476 2642 ubi
490 2580 589 2661 agitur
602 2581 640 2642 de
653 2600 785 2662 paupere
805 2581 953 2651 Evandro,
975 2582 1026 2661 qui
1048 2583 1212 2646 Herculem
1231 2598 1261 2648 et

111 2680 243 2739 AEneam
263 2679 393 2758 hospitio
411 2682 568 2760 exceperit.
608 2680 657 2739 De
677 2680 814 2741 Euandro
833 2702 860 2740 v.
876 2681 1026 2741 Creuucr's
1045 2683 1201 2762 symbolik
1222 2687 1258 2746 Τ.

116 2783 169 2840 II.
184 2801 213 2860 p.
225 2782 290 2843 426.
306 2790 374 2853 489.
390 2785 499 2844 AEneaa
512 2784 612 2863 imper
623 2782 679 2854 illo,
694 2781 835 2854 Hercule,
856 2783 945 2842 minor
964 2783 1085 2861 quidem
1099 2785 1209 2846 virtute
1229 2798 1259 2848 et

111 2883 209 2942 rebus
219 2881 318 2960 gestis,
332 2891 359 2943 et
373 2882 433 2963 ipre
446 2892 536 2942 tunes
550 2881 713 2961 contingens
726 2881 833 2953 ocium,
856 2881 945 2951 Deos,
970 2881 1123 2959 sunguine,
1137 2886 1258 2963 propiu-

113 2985 231 3064 quitate
237 3008 249 3056 ς
270 2986 424 3065 originem,
438 2997 468 3046 et
480 2995 632 3066 paternam
647 2995 678 3046 et
689 2996 862 3059 maternum,
876 3006 894 3044 a
907 2984 974 3044 Diis
987 2995 1121 3064 repetens
1134 3011 1142 3046 ι
1164 2997 1198 3047 ut
1211 3005 1258 3067 ap.

114 3084 168 3143 sil
186 3084 240 3156 VI,
255 3084 323 3153 627.
338 3096 370 3146 et
382 3086 472 3156 VIII,
487 3094 547 3156 293
561 3105 623 3164 seq.
664 3085 773 3146 Sensus
786 3098 849 3146 est:
870 3085 902 3145 Si
916 3085 1055 3144 Evander
1066 3105 1120 3145 rex
1134 3085 1259 3166 hoapitI·
1316 3112 1320 3121 ¹

114 3189 181 3257 bus,
194 3209 214 3247 a
229 3187 297 3249 Diis
310 3189 451 3259 oriundis,
467 3188 613 3268 frugalem
627 3188 710 3248 dedit
723 3207 848 3260 coenum,
869 3205 930 3248 non
943 3187 1098 3248 lautiorem
1110 3211 1128 3248 a
1141 3209 1189 3248 me
1210 3211 1258 3261 ex-

114 3289 270 3366 spectabis.
312 3289 361 3349 65.
375 3289 465 3359 Alter,
481 3289 598 3360 AEueas,
613 3288 702 3369 aquis,
716 3287 799 3358 aiter,
814 3287 970 3360 Hercules,
977 3287 1106 3366 flammis
1119 3289 1259 3350 adsidere

115 3392 224 3450 merua.
249 3392 329 3452 Nam
344 3393 468 3452 AEneam
481 3393 639 3454 emerenda
653 3391 768 3450 Numici
788 3390 882 3460 Unda,
896 3391 927 3448 in
942 3411 1002 3469 que
1014 3391 1062 3450 vel
1073 3393 1161 3472 juxta
1168 3413 1259 3473 quum

113 3491 148 3549 in
162 3493 267 3571 proelio
280 3493 402 3573 periisse
421 3493 539 3567 dicitur,
566 3493 659 3553 Deum
679 3493 745 3553 ooelo
764 3490 839 3549 misit
860 3490 1024 3570 Indigetem,
1045 3494 1146 3555 abluto
1166 3499 1257 3571 omnI,

114 3591 197 3669 qnod
217 3593 249 3651 in
270 3592 424 3663 eofuerat,
446 3591 573 3662 mortali
596 3603 632 3652 ut
652 3602 718 3651 utar
737 3587 836 3649 verbis
857 3589 967 3651 Tibull.
982 3591 1024 3664 II,
1040 3599 1068 3662 6,
1084 3600 1132 3654 48.
1153 3596 1205 3655 ubi
1225 3616 1255 3658 v.

115 3690 235 3770 Hcyne.
278 3691 416 3750 Herculia
428 3703 536 3760 autem,
540 3688 675 3771 fulgente
687 3687 809 3749 sumatis
821 3687 931 3767 Quibus
947 3689 1024 3762 OEtu,
1039 3691 1184 3771 Ingentem
1194 3693 1258 3752 ααίι

112 3813 187 3852 nm
202 3814 325 3874 rapuere
337 3795 376 3853 ud
387 3793 482 3853 ricino
494 3794 632 3874 flam,
653 3793 705 3852 Sil
720 3793 781 3865 III,
796 3799 846 3850 43.
861 3799 908 3850 44.
924 3793 975 3853 ubi
990 3813 1017 3853 v.
1032 3805 1092 3854 not.
1134 3796 1180 3854 Ci'.
1195 3795 1257 3855 Lu·

112 3897 190 3955 ciani
205 3897 410 3958 Hermotimus
424 3917 449 3956 c.
462 3905 491 3963 7.
516 3898 595 3974 (φασὶ
608 3899 647 3954 rlr
659 3893 799 3976 Ἠρακλὲα
812 3895 834 3952 ir
848 3897 882 3976 τῇ
900 3895 965 3974 07η]
988 3897 1185 3956 κατακαυθέντα
1204 3897 1259 3957 Sela

112 4000 227 4080 ysririm
240 4005 288 4059 nul
299 4003 353 4082 γὰρ
367 4002 462 4070 inruet,
477 3997 622 4073 ἀποβαλὼν
634 4001 719 4057 leion
730 3998 871 4079 seguono
885 3997 940 4078 ιΙχι
953 4000 1026 4080 παρὰ
1041 3999 1088 4067 riit
1106 4002 1199 4082 μητρὸς
1211 4003 1259 4060 uui

146 4284 167 4316 ¹³
178 4301 200 4333 v.
216 4283 339 4334 HarduIn.
349 4282 381 4333 ad
394 4283 458 4332 Plin.
470 4280 555 4341 XIII,
566 4286 590 4329 8.
603 4296 622 4329 ι.
634 4285 671 4329 18.
704 4279 757 4329 neri
775 4279 883 4328 Lexicon
900 4279 965 4328 Nori
983 4279 1129 4329 Testsmeuti
1150 4295 1201 4330 roc.
1220 4303 1257 4332 ar·

114 4351 230 4407 XV,2⁴.
245 4367 265 4398 s.
284 4356 324 4400 26.
341 4350 442 4398 aalma
458 4349 545 4396 Exere.
565 4346 629 4394 PIIn.
647 4361 671 4406 p.
706 4345 787 4412 μήη.
1281 4387 1285 4406 Ι

114 4423 173 4466 ⁴59.
187 4421 243 4464 460.
260 4415 374 4464 Bothus.
390 4415 491 4470 Hieros.
502 4413 531 4461 P.
543 4412 566 4460 1.
579 4427 603 4472 p.
616 4416 673 4460 708.
740 4410 788 4458 ”n
801 4411 876 4472 impp.
893 4408 986 4458 Pleu.
1000 4409 1049 4466 IV,
1062 4415 1101 4469 84,
1115 4416 1153 4463 15.
1166 4419 1190 4462 et
1202 4411 1257 4462 Ho-

117 4481 224 4531 Caeaub.
235 4480 267 4530 sd
277 4480 389 4531 Persium
400 4479 455 4539 111,
467 4482 508 4530 ⁵⁵.
524 4486 549 4526 et
565 4477 675 4527 schleus-
706 4484 763 4526 tom.
772 4474 805 4524 ad
814 4475 863 4526 Cic.
881 4476 952 4526 Reae.
967 4475 1035 4525 Com.
1050 4482 1072 4526 9.

647 4579 726 4644 Ggs
