3100 5250
235 437 453 507 MORIBUS
476 439 539 507 ET
561 439 828 506 SCRIBENDI.
844 440 1048 507 GENERE.
1115 448 1198 553 ‘cll

79 615 200 696 septimo
213 616 260 676 vel
273 622 375 677 octauo
393 634 471 697 anuq
483 616 603 696 imperii.
617 617 743 677 Nunnio
762 638 790 677 a.
805 617 843 677 U.
857 638 884 679 c
897 624 966 677 815.
1006 623 1119 681 Auctor
1132 620 1201 681 vite

80 721 139 798 ejus
150 717 458 797 marrorioe'proditum
469 718 599 797 reliquit,-
617 739 687 779 eum
698 719 731 777 in
742 719 869 799 pueritie
883 718 1053 779 Prolem
1071 732 1102 781 et
1117 722 1201 782 Odoi-

78 815 189 893 potiano
207 814 318 875 librum
340 835 434 876 uuum
454 828 485 875 et
505 836 727 895 paucosverans
748 817 780 875 in
803 836 918 875 socrum
933 816 1068 875 Thraeces
1084 820 1200 879 Arriam

80 923 208 982 maun,
222 934 289 991 que
302 924 415 999 seaute
423 914 524 977 ¹virum
538 914 691 988 occiderat,
704 914 861 992 scripsisse,
883 934 949 993 que
962 914 1059 973 omnia
1072 916 1209 979 Commo

79 1028 193 1076 auctore
212 1036 231 1094 q
249 1027 343 1077 matre
363 1015 455 1077 Persii
474 1016 669 1076 abolitaeint.
711 1016 811 1085 Porro,
833 1032 897 1075 raro
918 1017 1049 1076 Persium
1069 1028 1099 1077 et
1118 1020 1201 1078 tarde

81 1115 233 1193 scripsisse,
253 1115 441 1193 librumque,
453 1135 542 1194 quem
561 1123 641 1177 nunc
658 1115 747 1175 etiam
759 1114 909 1186 habemus,
930 1114 1061 1175 ultimam
1081 1134 1201 1176 manum

80 1220 138 1297 ejus
152 1236 217 1277 nou
228 1238 291 1278 esse
303 1229 464 1296 expertum.
483 1250 494 1279 ς
507 1219 544 1277 In
563 1218 654 1299 hujus
673 1217 871 1297 ultima-parta
891 1236 991 1277 versus
1011 1217 1121 1297 aliquot
1141 1241 1210 1281 esse·

79 1321 269 1401 demptos,'ut
281 1313 380 1382 linitus
394 1320 551 1390 videretur,
573 1322 794 1400 cornutumque
814 1321 910 1399 ipsum
923 1320 1063 1380 nonnulla
1082 1294 1202 1383 conrix-

79 1420 139 1492 iase,
151 1418 306 1497 Caesioque
316 1419 437 1497 petenti,
451 1428 487 1478 ut
499 1418 634 1484 ederetur
646 1418 729 1487 liber,
742 1406 890 1477 edendum
903 1416 1062 1479 tradidisse.
1102 1422 1201 1481 Conti-

78 1531 124 1582 net
135 1518 188 1587 hic
202 1518 284 1589 liber,
305 1540 323 1578 a
339 1517 521 1587 Quintiliano
534 1528 565 1578 et
577 1516 712 1577 Martiale
724 1515 859 1579 laudatus
871 1516 904 1587 ¹²,
926 1522 1033 1595 preter
1045 1517 1209 1596 prologum
1235 1528 1239 1537 '

78 1639 127 1681 sex
136 1620 249 1691 satiras,
269 1622 401 1699 conpari
414 1640 516 1687 omnes
528 1620 681 1699 dignitate,
702 1638 827 1697 quarum
839 1618 934 1696 prima
947 1638 984 1677 ex
996 1618 1121 1677 duarum
1134 1620 1203 1681 laci·

77 1720 130 1781 niis
144 1721 304 1799 composita
316 1720 441 1790 videtur,
461 1720 549 1779 etium
562 1739 599 1779 ex
612 1729 716 1798 quarte
728 1738 788 1777 non
801 1736 894 1797 pauca
906 1716 1085 1777 intercidisse
1098 1721 1204 1797 proba-

76 1823 133 1883 bile
145 1834 199 1888 est·
243 1824 284 1883 Ut
302 1823 467 1885 edeumtius
480 1824 520 1883 de
531 1822 590 1883 illis
612 1822 707 1883 satiris
723 1821 856 1901 judicare
869 1821 1022 1900 possimus,
1035 1842 1091 1900 age
1106 1822 1210 1884 videa--

77 1944 141 1982 mus
165 1923 371 2011 paucis,·quid
393 1933 423 1982 et
435 1922 530 2000 qualis
553 1922 591 1981 sit
613 1922 700 1988 satira
723 1930 776 1978 aut
797 1920 945 1979 sauricum
967 1940 1069 1999 genus,
1094 1922 1204 2001 quoda

78 2022 215 2088 Rornanis
228 2022 392 2087 inventum,
405 2019 555 2080 excultum
569 2027 599 2075 et
611 2019 775 2095 perfectum
791 2026 843 2075 est

112 2124 262 2188 Carminis
285 2140 389 2198 genus,
410 2120 492 2197 quod
515 2119 608 2177 satirae
634 2119 753 2175 nomine
773 2118 946 2195 insignitum
965 2134 1018 2191 eet,
1043 2123 1099 2182 hoe
1118 2124 1207 2183 habet

75 2222 270 2303 propositum,
284 2228 330 2289 ,ut
347 2236 442 2276 mores
462 2215 606 2285 emendet,
630 2235 723 2292 eoque
736 2214 867 2275 alibello
888 2237 939 2279 seu
959 2220 1085 2279 carmine
1097 2222 1207 2283 famoso

74 2326 185 2391 differt,
208 2341 266 2399 quo
279 2319 311 2377 id
323 2318 430 2395 agitur,
452 2329 484 2377 ut
496 2316 601 2397 aliquis
623 2317 746 2404 indigno
766 2338 847 2379 more
870 2319 988 2381 infamia
1007 2322 1205 2403 adspargatur.

75 2430 190 2487 Verum
204 2423 286 2493 ratio,
307 2443 366 2501 qua
386 2421 517 2481 satiricus
536 2422 638 2491 utitur,
658 2442 718 2481 non
731 2421 762 2481 in
775 2442 811 2481 eo
824 2422 918 2503 posite
932 2435 985 2493 est,
1009 2437 1043 2483 ut
1062 2439 1209 2507 praecepto

75 2520 368 2592 tradanturvirtutis,
392 2541 488 2581 moras
500 2520 617 2593 candidi
636 2520 803 2591 laudentur,
827 2522 953 2601 viteque
973 2521 1108 2583 honestas
1130 2546 1207 2584 com-

76 2629 241 2696 mendetur,
259 2645 362 2687 verum
375 2625 521 2686 diversam
534 2625 612 2684 viam
631 2623 806 2703 ingreditur,
830 2623 906 2684 ridet
926 2625 1089 2700 stultitiam,
1114 2629 1208 2708 carpit

77 2728 216 2807 inprobos
227 2745 332 2795 rueres,
346 2724 458 2788 scelera
466 2723 604 2803 flagellat,
616 2735 714 2803 atque,
728 2735 762 2782 ut
771 2723 900 2784 breviter
908 2725 1012 2796 dicum,
1028 2729 1056 2784 rt
1065 2729 1209 2808 insperato

79 2829 194 2892 satirico
205 2827 388 2908 propositum
407 2837 459 2887 est·
498 2825 549 2886 Ad
568 2825 645 2886 hanc
664 2846 725 2886 rem
751 2847 813 2886 uon
833 2839 1006 2906 argtrmenta
1024 2829 1152 2902 adhibet,
1175 2844 1208 2892 ut

79 2949 195 2990 urorum
214 2937 378 3008 preceptor
395 2926 429 2986 iu
448 2925 565 2999 scholis,
584 2936 637 2984 aut
659 2926 873 3004 turpitudinem
900 2927 1038 2986 vitiorum
1059 2933 1207 2991 communi

80 3036 191 3104 rrtiooe
202 3032 352 3102 describit,
364 3031 417 3092 sed
430 3050 531 3092 omues
544 3037 625 3090 artes
632 3029 770 3100 adsumit,
792 3029 899 3108 quibus
912 3040 998 3108 poeto
1011 3030 1054 3089 uti
1067 3031 1159 3110 possit
1178 3044 1209 3092 et

80 3137 192 3205 debeat,
206 3135 302 3195 omnis
314 3133 421 3194 loca'et
433 3134 567 3211 regiones
587 3131 670 3210 qussi
687 3130 813 3200 ridiculi,
827 3131 945 3190 invidiae
958 3144 988 3192 et
1000 3132 1208 3212 indignationis

79 3247 286 3318 peeerutattu,
299 3255 392 3314 saque
404 3233 642 3314 indedepromit,
656 3233 764 3312 qurlaus
778 3231 892 3293 lectoris
905 3233 1045 3306 animum,
1066 3257 1208 3315 quocum·

80 3363 134 3420 qne
155 3341 237 3411 velit,
260 3341 367 3410 flectat,
390 3337 533 3419 simulque
556 3346 655 3398 teneat
673 3348 761 3416 atque
780 3336 913 3398 delectet.
954 3337 1060 3416 Neque
1079 3359 1149 3400 vern
1169 3342 1207 3402 de

80 3444 214 3504 naiman
228 3442 365 3508 vitiorum
376 3460 484 3521 genere
496 3441 558 3519 agit
570 3450 666 3520 poeta,
680 3439 733 3500 sed
745 3449 779 3500 ut
793 3459 860 3499 eum
873 3441 1004 3518 personia
1021 3441 1125 3520 juncta
1145 3465 1207 3504 ease

80 3542 198 3611 solunt,
212 3540 405 3618 locoquoqpe
417 3549 448 3598 et
460 3550 591 3617 tempore
609 3538 738 3598 delinito.
781 3537 914 3598 Personae
936 3553 1058 3616 possunt
1077 3561 1139 3602 esse
1159 3543 1206 3600 vel

81 3640 162 3712 fictae,
176 3637 215 3698 ad
228 3637 329 3696 vivum
351 3647 450 3695 tamen
469 3655 622 3713 expresse,
644 3633 691 3694 val
711 3653 796 3704 verae,
821 3633 1003 3714 turpitudine
1022 3647 1099 3698 notre
1117 3648 1206 3717 atque

81 3743 215 3820 insignes
257 3740 325 3812 Quo
336 3739 370 3797 id
388 3737 558 3816 adsequitur
578 3747 674 3817 poeta,
696 3748 730 3796 ut
749 3736 850 3814 paucis
868 3747 986 3798 tantum
1007 3737 1091 3798 lineis
1111 3740 1207 3800 ductis

80 3839 257 3902 viridissima
279 3839 417 3898 vitiorum
437 3837 535 3915 imago
549 3856 710 3916 eorumque
732 3835 885 3914 turpitudo
903 3847 934 3895 et
953 3837 1120 3897 deformitas
1140 3851 1207 3900 ente
1315 3849 1318 3856 '
1404 3847 1418 3860 ’

80 3939 179 3998 oculos
190 3939 370 4006 obversetur,
390 3955 482 4014 quum
496 3933 631 4003 hominis,
652 3934 701 3994 cui
713 3955 747 3994 ea
760 3934 870 4002 insunt,
884 3933 1036 4003 sentiendi,
1060 3935 1208 4012 cogitandi

81 4053 108 4100 et
120 4039 228 4120 agendi
242 4031 383 4098 rationein
393 4036 474 4097 velut
486 4035 578 4097 oculis
593 4035 783 4115 contemplari
803 4034 961 4094 videamur.
1004 4035 1116 4094 Omnes
1135 4036 1208 4096 iura-

81 4147 162 4222 gines
175 4154 205 4204 et
224 4142 437 4211 similitudines,
459 4140 567 4220 quibus
590 4139 692 4212 utitor,
714 4159 733 4227 e
753 4135 816 4198 vita
834 4137 981 4198 communi
1002 4137 1111 4216 petitoe,
1130 4152 1206 4220 apte

110 4327 127 4358 ¹¹
145 4326 249 4383 Quintil.
262 4327 295 4382 X.
309 4333 332 4376 1.
345 4329 467 4404 ¹Multam·
477 4335 499 4374 et
509 4341 568 4376 cera
575 4325 625 4388 'glo-
657 4327 744 4386 soem
755 4325 843 4404 inlibpo
854 4333 998 4374 memoratur
1007 4326 1103 4374 Persius
1114 4342 1172 4402 qno,

84 4409 258 4518 311αᾶὧωῖιῦιί
262 4410 329 4508 qqnq
332 4394 396 4520 lam,
417 4395 510 4442 rma
528 4400 622 4442 neruu-
660 4393 738 4446 Quom
748 4391 803 4440 leura
814 4407 839 4440 m
851 4399 898 4438 tcto
909 4389 1160 4440 MorauaAmozomdr.

627 4525 643 4566 4
