3100 5250
433 443 485 507 IN
505 442 669 510 IUVEN.
694 444 792 511 sAT.
817 444 913 509 XVI.
1175 448 1236 507 599

105 610 197 680 161138,
212 613 248 672 nl
260 617 401 687 etrabilis,
420 621 557 690 quanm,
571 621 600 679 b.
616 641 642 680 a.
655 620 822 690 metuenda,
843 627 869 678 et
880 618 1006 699 grauior,
1027 638 1109 698 qnam
1123 618 1255 697 injurias

113 730 131 767 a
148 711 242 771 milite
261 714 315 773 nbi
329 716 405 775 olim
424 717 511 778 illata.
554 721 713 781 Annotatio
734 719 823 781 Hein.
844 726 906 777 est:
928 716 1109 795 “Equidem
1129 716 1240 795 accipio

111 809 244 870 curabilis
263 813 471 892 significatione
489 818 594 888 activa,
615 839 705 896 quum
724 816 868 896 adjectiva
887 817 918 875 in
939 814 1003 874 bilis
1022 816 1178 893 sepissime
1191 816 1242 875 ha·

111 910 201 970 amu
220 912 349 989 apem,
364 924 394 972 a
407 916 527 975 unua
539 916 575 975 n
588 916 730 997 mnu,
743 927 774 974 a
787 925 878 984 curet,
898 916 956 973 re.
969 914 1064 983 neiat,
1078 934 1117 973 ne
1130 914 1160 973 in
1174 934 1241 992 poa

111 1020 207 1071 terum
233 1014 341 1074 audeas
364 1017 469 1077 militer
490 1038 636 1089 accusare,
663 1028 705 1077 ta'
720 1018 824 1077 doceas
845 1024 945 1075 omnes
966 1016 1087 1095 injurias
1113 1014 1241 1075 militum

110 1114 254 1191 patienter
273 1118 375 1177 ferre.''
415 1120 498 1199 Ergo
517 1122 582 1180 Lat
602 1140 703 1179 curare
721 1123 766 1179 ast
787 1120 925 1178 German.
942 1119 1073 1177 curiren!
1115 1119 1159 1177 cf.
1171 1118 1240 1177 Var.

110 1214 192 1276 laet
235 1217 271 1277 In
283 1219 397 1300 legione
410 1238 508 1301 propr.
531 1224 561 1281 X
583 1221 797 1282 sunt‘cobortea
818 1234 847 1279 et
868 1221 958 1281 XXX
978 1217 1119 1297 rnanipnli.
1163 1219 1240 1277 Pra-

108 1316 187 1377 clare
203 1332 301 1379 autem
313 1321 344 1379 h.
357 1320 378 1380 1.
392 1334 509 1382 notatur
523 1325 630 1383 ferocia
642 1323 780 1392 militum,
795 1321 853 1381 illis
866 1320 1052 1399 potissimum
1062 1322 1241 1400 temporibus

109 1422 209 1480 omnia
221 1443 274 1502 per
288 1423 348 1482 rim
360 1426 509 1505 agentium
523 1426 729 1505 licentiamque
743 1424 963 1485 immoderatam
976 1423 1189 1502 usurpantium.

148 1532 192 1583 22
205 1544 264 1605 seq.
286 1528 361 1586 Haec
380 1529 473 1587 facete
492 1529 578 1588 dicta.
623 1529 773 1611 Vagelliur,
795 1526 981 1610 Mutinensis,
1004 1528 1045 1603 (v.
1061 1526 1130 1583 Var.
1145 1524 1241 1603 Lect)

109 1624 299 1693 declamatum
321 1629 369 1687 eui
389 1627 519 1687 mulinum
538 1648 586 1687 cor
597 1630 738 1688 tribuitur
751 1628 799 1687 val
819 1630 858 1688 ob
878 1627 1075 1695 stoliditatem,
1102 1626 1245 1703 (undeet

109 1724 217 1785 stultus
229 1727 317 1787 bomo
330 1729 419 1787 mutas
431 1729 540 1789 dicitur
553 1729 658 1789 Catuli.
674 1728 854 1797 LXXXIII,
870 1736 897 1788 3.
917 1739 946 1787 et
960 1728 1038 1787 idem
1052 1727 1127 1787 forte
1145 1726 1245 1807 Vagal·

109 1824 168 1882 lius
178 1825 311 1886 eamdem
324 1829 363 1887 ob
376 1843 491 1887 cautam
505 1840 684 1886 memoratur
696 1848 762 1906 sup.
778 1828 866 1896 XIII,
884 1826 964 1904 119.)
979 1826 1027 1885 vel
1040 1826 1079 1884 ob
1092 1826 1244 1885 audaciam

108 1928 371 2006 tmeritatemque,
391 1948 451 2005 qua
469 1928 615 2004 quaslibet
640 1924 751 1994 musas,
778 1927 868 1985 malas
895 1926 983 1986 etiam
1002 1948 1037 1986 ao
1056 1927 1242 2005 periculosos,

105 2031 296 2107 suscipiebat,
309 2028 358 2086 vel
377 2028 505 2104 denique
523 2029 561 2085 ob
573 2027 774 2104 pertinaciam,
795 2046 854 2103 qua
867 2025 898 2083 in
911 2016 1148 2109 unumquemque
1163 2029 1243 2087 inva-

107 2125 247 2192 hebatur,
267 2124 329 2181 aine
348 2134 483 2198 respectu
502 2140 702 2198 personarum,
724 2119 841 2198 qualern
861 2119 1009 2177 mulorum
1029 2132 1163 2181 naturam
1182 2144 1244 2184 eoae

105 2237 213 2284 monet
233 2224 343 2301 Grang.
384 2230 433 2281 24.
468 2222 557 2290 Quum
585 2222 640 2280 duo
669 2242 754 2280 crura
784 2220 896 2290 habeor,
917 2242 984 2299 quae
1005 2220 1093 2281 clavis
1113 2224 1245 2303 undique

105 2326 207 2405 pungi
221 2325 341 2403 possint.
420 2323 560 2402 offendere
572 2331 610 2381 tot
623 2322 741 2401 caligne,
762 2331 801 2382 tot
813 2322 901 2383 millia
915 2322 1063 2393 clavorum,
1078 2324 1171 2383 facete
1191 2346 1246 2404 pro

107 2438 157 2486 tot
176 2425 292 2496 militas,
313 2444 439 2503 quorum
459 2423 561 2504 caligae
581 2423 670 2484 clavis
690 2425 799 2485 suffixae
820 2434 889 2484 sunt
899 2448 909 2497 ;
940 2424 977 2483 de
997 2445 1057 2503 quo
1077 2446 1104 2484 v.
1126 2426 1164 2485 id
1186 2426 1246 2496 III,

106 2534 181 2588 248.

149 2635 201 2688 25.
225 2629 296 2697 Quis
315 2639 371 2689 tam
389 2632 489 2709 procul
507 2631 580 2690 abrit
599 2633 637 2690 ab
655 2633 733 2702 urbe,
754 2643 814 2691 tam
834 2631 945 2690 alienus
966 2631 1004 2691 sit
1021 2634 1059 2691 ab
1073 2631 1246 2701 urbanitate,

101 2712 172 2789 ¹tam
186 2730 356 2801 inurbanus,
370 2733 452 2791 rudis
466 2745 495 2792 et
508 2733 652 2804 rusticum
673 2733 720 2791 vel
741 2747 800 2792 tam
822 2733 942 2810 ignarus
955 2753 1052 2792 rerum
1068 2735 1246 2793 urbanarum
1321 2791 1324 2802 ,

108 2843 140 2890 at
160 2831 285 2891 licentiae
304 2833 439 2893 militum.
462 2835 505 2912 (v.
520 2836 557 2894 ad
576 2836 668 2905 XIII,
686 2838 767 2914 111.)
811 2835 878 2894 Hoc
899 2855 995 2906 sensu,
1017 2847 1161 2913 quotquot
1174 2837 1247 2908 vidi,

107 2941 284 3008 interpreter
297 2932 386 2990 verba
400 2931 450 2990 illa
463 2943 614 3010 ceperunt,
637 2945 789 3011 praeeunte
803 2943 861 2992 vet.
877 2933 972 2992 Schol.
987 2952 1035 3009 ap.
1051 2931 1150 2991 Barth.
1167 2931 1249 2993 Adv.

109 3026 196 3097 XIV,
212 3027 259 3087 16.
274 3029 324 3106 qui
338 3041 445 3108 praeter
464 3031 520 3089 alia
540 3031 604 3092 haec
623 3031 791 3090 adnotavit:
812 3041 832 3068 ‘⁸
847 3031 953 3090 Procul
972 3029 1007 3088 ab
1022 3031 1090 3090 urbe
1109 3030 1249 3089 dicuutur

107 3146 173 3185 esee
186 3125 269 3194 fatui,
283 3126 362 3204 quia,
377 3129 428 3205 qui
442 3128 474 3186 in
484 3129 607 3188 urbibus
621 3140 698 3197 sunt,
713 3129 807 3189 aolent
821 3149 883 3188 esse
896 3127 1099 3207 prudentiores
1109 3129 1248 3206 paganis:

109 3239 213 3288 eontra
226 3238 323 3288 autem
337 3229 458 3299 villani,
469 3231 520 3308 qui
534 3233 571 3288 ab
585 3235 659 3291 urbe
673 3231 777 3291 remoti
792 3244 869 3301 sunt,
886 3231 967 3292 stulti
982 3233 1148 3289 vocanturl'
1190 3230 1250 3289 Serl

109 3330 217 3408 aptior,
232 3329 344 3408 opinor,
358 3330 576 3410 simpliciorque
597 3332 672 3391 ratio
692 3344 737 3390 est
750 3332 831 3392 hoec:
857 3330 927 3400 Quis
940 3329 995 3392 ἰάθη
1007 3327 1156 3410 proculab
1175 3329 1251 3390 Urba

108 3428 194 3499 abrit
215 3431 314 3488 abesae
335 3431 482 3500 sustineat,
503 3443 538 3490 ut
550 3431 651 3491 militia
664 3431 818 3491 accusandi
833 3449 919 3490 cauta
940 3430 978 3488 ad
991 3441 1083 3489 castra
1097 3439 1127 3488 et
1141 3431 1250 3488 exerci-

109 3537 186 3596 tum,
207 3526 296 3606 longe
316 3529 410 3587 Roma
422 3540 576 3599 remotum,
597 3529 818 3606 proficiscatur?
863 3529 909 3588 lta
930 3538 960 3587 et
977 3527 1083 3588 melina
1102 3527 1251 3588 cohaerent

109 3629 265 3706 aequentia
284 3649 312 3687 r.
326 3637 374 3690 25.
396 3629 541 3688 Proetereo
561 3630 693 3709 quietam
708 3629 841 3709 Pylades,
862 3629 931 3698 be.
942 3629 1012 3688 'tam
1032 3630 1143 3690 amicus
1163 3629 1250 3688 alicui

111 3733 306 3812 omniumque
326 3734 390 3812 ejus
410 3734 607 3812 periculorum
633 3755 730 3794 eomes
747 3755 784 3794 ec
803 3735 958 3815 particeps,
988 3735 1098 3814 (qualia
1125 3733 1251 3812 Pyladea

106 3835 170 3896 'fuit
184 3835 297 3912 Oreati)
312 3846 343 3895 ut
356 3836 432 3894 ultro
444 3838 537 3894 molem
552 3836 675 3916 aggeris,
696 3836 772 3895 ultra
787 3836 906 3906 vallum,
927 3839 957 3895 in
972 3836 1170 3896 castraverint
1184 3855 1252 3896 cum

112 3939 175 4008 illo,
196 3959 290 4000 oauaae
304 3941 368 4018 ejus
381 3939 460 4018 apud
474 3939 682 3998 Centurionem
697 3939 830 4018 agendae,
844 3939 891 3998 vel
905 3939 1063 3998 testimonii
1078 3949 1179 3996 contra
1198 3937 1252 3996 mi·

112 4040 195 4101 litem
208 4061 292 4100 reum
306 4041 431 4111 dicandi,
447 4042 494 4100 vel
515 4041 707 4101 miserationis
725 4041 864 4118 judicum
878 4053 959 4100 veste
971 4051 1093 4108 mutata,
1115 4041 1165 4118 qui
1180 4039 1251 4098 ami·

112 4159 219 4198 corum
238 4159 301 4197 mos
317 4150 369 4210 est,
391 4139 543 4198 movenda
563 4143 672 4198 musa?
715 4147 763 4206 27.
790 4139 940 4198 Lacramoe
959 4138 1096 4198 ⁸rt'ccoulur
1113 4146 1252 4216 protenus,

111 4242 247 4301 lacrimrr
265 4241 426 4308 confertim,
448 4253 514 4320 post
536 4253 686 4320 acoeptam
701 4263 719 4298 a
733 4241 826 4302 milite
849 4242 996 4322 injuriam,
1018 4241 1254 4320 comprimamus,

112 4349 265 4416 tamquam
287 4358 375 4397 vanas
395 4350 425 4399 et
444 4337 571 4408 inutiles,
593 4350 623 4398 et
642 4337 859 4398 dissimulemus
889 4339 935 4397 vel
963 4339 1106 4418 patienter
1126 4339 1254 4398 feramur

112 4439 195 4498 bunc
209 4439 354 4519 injuriam,
379 4461 466 4519 neque
484 4439 787 4568 sollicitemlpamicor,
810 4455 844 4502 ut
864 4461 926 4510 noa,
949 4439 1071 4499 militem
1097 4439 1254 4510 delaturos,

688 4537 704 4582 p
716 4527 732 4568 2
