3100 5250
296 443 361 504 ent
668 435 1060 504 COMMENTARIUS

293 605 355 667 siue
376 607 506 668 irrisione
527 605 657 668 deorum.
700 611 786 670 Cunf.
800 611 843 680 ll,
860 609 1028 670 126-132.
1041 607 1142 686 ibique
1154 618 1215 666 not.
1260 607 1378 686 Magna
1392 610 1437 668 sis
1526 629 1528 658 1

292 707 369 767 inest
389 707 420 766 in
440 707 610 786 repetitione
628 711 707 770 vocis
720 711 766 769 dic
779 721 810 770 et
821 711 854 768 in
867 709 965 769 verbis
977 706 1168 788 ακίἰφιὶιόωι
1179 706 1303 766 Dium'
1337 708 1436 768 Janus
1526 729 1528 762 r

291 809 498 890 antiquissimus
518 810 609 870 Italiae
629 811 702 872 deus
723 813 770 871 vel
790 813 884 872 heros
905 833 933 872 v.
949 813 1056 892 Heyne
1069 811 1141 870 Exc.
1156 810 1194 868 V.
1207 810 1247 870 ad
1260 809 1346 889 Virg-
1361 812 1435 871 AEn.
1526 830 1528 864 1

292 909 361 968 vll.
403 909 484 970 Hinc
498 921 528 969 et
541 909 600 968 κατ’
613 901 705 991 ἐξοχὴν
715 919 800 990 poter
813 911 983 972 dicebatur:
1003 911 1060 971 hoc
1072 911 1153 991 enim
1165 920 1211 969 eet
1222 929 1285 970 roc.
1296 910 1433 982 hunnis,
1527 935 1528 944 ¹

290 1013 469 1086 reverentiae,
490 1014 596 1073 amoris
615 1033 651 1074 sc
670 1013 830 1093 religionis,
851 1014 932 1096 quod
948 1014 1067 1093 proprie
1079 1024 1110 1073 et
1122 1013 1253 1092 primum
1266 1014 1432 1076 miurinus
1526 1055 1528 1070 .

289 1117 506 1195 majoribusque
519 1115 585 1185 diis,
608 1115 710 1193 (etism
723 1116 813 1175 muris
826 1137 862 1176 ac
874 1117 1045 1195 fluviorum)
1059 1115 1168 1175 deiude
1182 1134 1251 1175 vero
1264 1127 1295 1177 et
1306 1115 1432 1197 reliquis
1526 1123 1528 1155 ³

288 1217 413 1278 inditum
429 1229 481 1277 est.
494 1217 583 1266 ¹⁰⁴-
597 1223 666 1288 394.
682 1217 736 1292 luis,
756 1230 818 1278 tem
830 1219 942 1298 putidis
956 1219 1132 1298 nefariisque
1145 1219 1327 1290 mulienlrus,
1349 1221 1433 1280 etde
1526 1226 1528 1260 ἓ

287 1321 394 1382 talibus
407 1322 504 1390 rebus,
526 1339 664 1400 responsu
677 1321 739 1391 dee,
757 1322 807 1381 vel
819 1321 893 1382 adeo
906 1321 1014 1381 talibus
1028 1321 1102 1382 votis
1118 1321 1276 1400 respondes,
1296 1323 1431 1402 talesque
1526 1323 1528 1356 ³

286 1443 388 1502 preces
408 1423 553 1483 exaudis?
596 1423 685 1492 Quod
705 1424 730 1484 si
749 1424 831 1495 iocis,
855 1445 957 1505 mugra
978 1435 1048 1485 sunt
1068 1424 1170 1504 utique
1188 1424 1247 1484 otio
1265 1425 1337 1495 usli,
1358 1425 1391 1485 t.
1404 1447 1430 1485 e

286 1524 426 1603 magnum
440 1537 484 1586 est
497 1525 589 1586 otium
603 1527 745 1598 Deorum,
759 1547 814 1587 nec
827 1525 910 1586 alind
923 1509 1065 1605 gravioris
1077 1525 1229 1596 momenti,
1244 1526 1325 1605 quod
1338 1536 1431 1606 ogast

285 1638 315 1687 et
329 1641 439 1688 curent
481 1631 570 1690 Poeta
582 1613 743 1709 respexisse
762 1641 793 1690 et
812 1630 934 1690 irrisisse
947 1629 1064 1690 videtur
1077 1630 1185 1707 dogma
1199 1629 1427 1709 Epicureorum,

285 1729 337 1808 qui
351 1728 431 1788 Deos
444 1728 475 1788 in
489 1742 633 1808 perpetuo
646 1729 706 1790 otio
719 1741 838 1808 tempus
854 1729 977 1790 feliciter
996 1729 1167 1807 transigere,
1187 1748 1285 1808 neque
1304 1749 1352 1789 res
1372 1729 1428 1788 hu·

284 1851 384 1892 manus
398 1853 499 1892 curare
513 1834 663 1910 putabant
675 1833 711 1871 ¹⁰⁵
751 1834 796 1893 At
810 1832 903 1892 multo
916 1832 1087 1891 invidiosius
1107 1831 1189 1903 dicit,
1211 1831 1287 1891 Deos
1300 1833 1428 1910 quidem

284 1949 385 1990 curare
398 1951 444 1991 res
458 1931 608 2000 humanas,
629 1931 681 1991 sed
695 1951 743 1992 eas
756 1941 882 2004 tautum,
903 1951 970 2010 quoe
983 1930 1116 2010 ipsomm
1129 1949 1200 1989 curs
1213 1923 1427 2009 indigmsim

283 2029 351 2100 sint,
364 2031 549 2108 gravissimus
564 2051 632 2090 vero
645 2031 805 2111 negligere.
847 2029 916 2101 896.
930 2030 1005 2090 Hoec
1017 2041 1048 2090 et
1060 2029 1111 2089 illo
1124 2049 1164 2089 sc
1179 2028 1287 2100 mulier,
1301 2029 1425 2088 cusum

282 2143 317 2202 te,
332 2153 430 2212 propr.
445 2133 591 2212 haruspex
605 2146 671 2193 exta
686 2146 715 2195 et
728 2134 845 2204 deinde,
870 2133 917 2193 his
929 2133 1077 2213 inspectis,
1092 2133 1191 2193 deum.
1274 2133 1424 2192 Voricorus

283 2237 401 2308 dicitur,
420 2237 472 2317 qui
487 2237 603 2308 nauca,
625 2237 654 2296 h.
669 2259 695 2298 e.
717 2258 806 2299 venas
824 2238 1052 2298 intumescentes
1071 2237 1103 2296 in
1123 2236 1267 2308 curribus,
1289 2237 1426 2316 (flemina

281 2363 328 2420 sp.
351 2341 444 2401 Pleut.
467 2341 583 2420 Epidio.
598 2341 636 2412 V,
652 2349 681 2410 2,
698 2347 724 2401 5.
750 2341 802 2400 ubi
816 2361 843 2398 v.
859 2341 966 2420 Gron.)
988 2340 1087 2410 hebet,
1113 2341 1255 2419 sunguine
1274 2341 1425 2408 crassiore,

281 2452 402 2518 propter
415 2440 585 2499 diuturnam
605 2439 790 2518 potissimum
810 2439 974 2509 stationem,
995 2440 1131 2499 deorsum
1151 2439 1183 2497 in
1202 2437 1313 2518 pedum
1335 2459 1425 2498 venus

281 2539 409 2616 delapso,
421 2537 459 2576 ¹⁰⁶
477 2538 579 2616 quales
599 2540 682 2597 fuere
698 2539 810 2608 Cicero,
822 2537 859 2582 ¹⁰⁷
878 2537 991 2597 Marius
1002 2537 1039 2576 ¹⁰⁸
1056 2551 1087 2597 et
1099 2537 1171 2609 ulii3
1192 2539 1221 2596 h.
1234 2537 1255 2596 l.
1270 2538 1424 2616 haruspex,

280 2658 368 2719 quem
389 2639 565 2715 importunes
586 2637 732 2709 mulieres,
752 2659 889 2717 respousa
909 2640 995 2697 abeo
1008 2650 1149 2717 petentes,
1169 2637 1258 2698 nimis
1278 2638 1331 2696 diu
1345 2652 1424 2697 stare
1527 2688 1528 2691 ,

279 2746 400 2812 cogunt.
442 2734 522 2793 Male
542 2734 609 2793 alii:
632 2734 704 2823 dum
724 2736 835 2795 diutius
855 2748 930 2796 stare
951 2736 1067 2814 cogitur
1086 2736 1242 2814 haruspex,
1265 2736 1317 2795 fiet
1336 2756 1426 2795 surus

278 2838 340 2897 sive
354 2836 474 2907 noricus,
489 2836 616 2915 pedibus
630 2838 802 2897 cruribusve
815 2838 990 2909 divaricatis,
1004 2838 1035 2898 h.
1048 2860 1074 2897 e.
1088 2852 1196 2917 preter
1212 2839 1325 2917 jusum
1338 2858 1423 2898 men·
1527 2882 1528 2887 1

278 2960 376 2999 surum
389 2938 447 2999 lete
460 2938 585 3000 extentis
599 2960 621 2997 a.
635 2938 770 2998 distentis
784 2951 814 2998 et
827 2940 985 3000 introrsum
996 2939 1112 2999 retortis
1119 2964 1130 3012 ς
1151 2939 1232 3021 quod
1244 2940 1293 2999 vel
1307 2954 1422 3000 naturre

278 3038 384 3099 vitium
398 3050 451 3111 est,
466 3039 512 3099 vel
527 3038 642 3099 rusticae
654 3039 891 3109 consuetudinis3
912 3058 1002 3117 quam
1014 3037 1044 3097 h.
1055 3037 1075 3095 l.
1086 3038 1169 3098 innui
1179 3040 1305 3117 putabat
1315 3038 1421 3098 Heius.

277 3136 316 3196 ad
334 3135 426 3196 Ovid.
439 3138 505 3195 nrt
520 3134 748 3205 Am.111‚sos.
770 3136 822 3213 qui
846 3146 945 3194 tamen
964 3135 1028 3215 jum
1050 3147 1130 3195 recte
1150 3136 1235 3204 vidit,
1256 3135 1383 3194 samm
1402 3158 1424 3194 a
1526 3180 1528 3217 3

277 3256 353 3304 curu,
375 3248 404 3295 et
420 3234 570 3294 cedrorum
584 3254 601 3293 a
615 3233 755 3293 uaricibus
768 3233 838 3304 dici,
859 3244 889 3293 et
902 3234 934 3291 in
947 3232 1006 3293 illis
1019 3233 1141 3294 rombus
1153 3234 1277 3313 primum
1288 3234 1420 3311 produci
1527 3278 1528 3299 ,

277 3338 429 3415 syranus,
450 3338 481 3398 sn
501 3338 547 3399 hs
568 3337 692 3417 corripi:
713 3336 751 3396 1.
769 3356 830 3417 quo
849 3336 910 3395 vn
931 3336 1020 3396 mam
1040 3336 1160 3397 sums⁴
1176 3337 1277 3396 nme
1291 3335 1369 3395 erin.
1382 3356 1417 3415 μ
1527 3308 1528 3373 i

277 3440 346 3501 363.

317 3552 486 3613 398-412.
509 3546 605 3625 Magis
626 3558 722 3606 tumen
742 3546 894 3607 toleranda
913 3556 958 3605 est
976 3564 1057 3613 uxor,
1079 3564 1147 3623 quse
1166 3544 1308 3605 musicam
1321 3556 1421 3604 artem

275 3653 381 3703 tractat
392 3654 422 3703 et
435 3664 579 3702 summam
593 3666 629 3703 ex
643 3666 678 3705 ea
697 3646 878 3724 voluptutem
898 3646 986 3723 cupit,
1007 3664 1097 3724 quem
1118 3644 1293 3723 vagabunda
1313 3656 1345 3704 et
1364 3664 1421 3704 cu·

275 3744 360 3815 mose,
376 3764 441 3822 quae
457 3756 579 3821 vagatur
592 3764 645 3823 per
660 3746 762 3805 urbem
775 3757 806 3804 et
819 3766 865 3804 res
878 3764 968 3805 novas
981 3755 1190 3825 perscrutatur·
1205 3780 1247 3793 -
1260 3752 1331 3815 398.
1345 3752 1420 3814 399.

274 3846 414 3907 Mulieres
427 3844 564 3925 ingenuae
579 3845 774 3907 Romanorum
795 3846 904 3907 nonin
922 3848 1069 3936 gyneceis
1082 3845 1203 3926 quidem
1223 3846 1420 3907 includeban-

305 4046 331 4079 ¹¹¹
344 4048 415 4097 Coni.
431 4047 516 4106 XIII,
531 4052 569 4097 81.
586 4049 666 4111 Iutpp.
682 4048 751 4112 Virg-
767 4048 826 4097 AEn.
862 4047 984 4096 Avicertna
994 4048 1090 4110 passim.
1122 4047 1298 4097 Admilitareru
1309 4048 1421 4110 nemoris

273 4114 296 4171 l,
309 4120 362 4162 1⁵5.
377 4114 458 4161 valer.
476 4114 512 4161 1²1.
527 4112 550 4171 I,
563 4120 597 4163 11.
610 4126 633 4161 et
644 4114 739 4163 l’etmn.
753 4130 774 4162 c.
785 4119 826 4161 41.
860 4114 961 4173 medem
977 4125 1002 4161 et
1018 4114 1172 4162 rustidtatern
1188 4114 1291 4162 referam
1305 4113 1420 4175 hocepi-

304 4179 330 4209 ¹⁸⁸
343 4179 415 4227 conf.
430 4179 527 4227 ercret.
550 4179 597 4236 Vl,
609 4184 648 4228 tr.
670 4178 755 4227 Horas.
772 4180 821 4226 Sat
854 4179 937 4227 theton
952 4178 1017 4226 Pers.
1032 4179 1063 4236 V,
1078 4184 1130 4228 1119.

272 4242 293 4296 1.
304 4248 437 4305 ntorsrq.
451 4245 505 4291 Seu.
517 4244 547 4292 de
559 4245 619 4293 Ben.
632 4244 678 4298 IV,
688 4248 710 4289 t.
726 4245 825 4306 lllensg.
888 4244 915 4273 Ψ
930 4260 952 4291 r.
968 4244 1086 4300 Quinctil.
1110 4243 1160 4301 XI,
1177 4248 1203 4303 ³,
1225 4249 1279 4292 143.
1299 4244 1418 4293 Mamm

191 4321 198 4335 ·
270 4306 301 4355 ad
316 4306 388 4369 Diog.
404 4308 483 4357 Laert.
497 4308 537 4357 lib.
555 4310 613 4372 X.§
628 4315 666 4357 77.
826 4321 831 4329 ·
854 4309 903 4356 Sat
921 4309 957 4362 ll.
969 4316 993 4357 ὅ.
1009 4309 1091 4357 Sidon.
1103 4308 1151 4372 Ep.
1164 4310 1196 4368 V,
1208 4314 1231 4358 5.

303 4373 361 4415 ¹⁸¹s.
378 4372 518 4433 Hippocrat.
535 4376 625 4434 Aphor.
641 4372 689 4429 VI,
702 4378 741 4421 21.
756 4372 820 4422 Cels.
886 4373 912 4405 ¹·
929 4374 980 4423 Cic.
997 4374 1069 4423 Ture.
1093 4374 1144 4429 Qu.
1167 4374 1205 4431 Il,
1225 4378 1265 4423 15·
1286 4373 1355 4423 Ptuc
1369 4374 1418 4423 rit.

263 4437 370 4497 .v11,e.
389 4442 424 4487 17.
441 4450 465 4485 et
483 4444 523 4487 31.
543 4438 657 4503 AEgineta
675 4438 721 4495 vt,
741 4444 781 4486 δι’.
798 4449 821 4487 et
855 4438 928 4489 Marii
939 4455 974 4502 pr.
987 4438 1088 4489 etl'lin.
1105 4439 1157 4519 XI,
1169 4446 1237 4490 tnr-
1251 4445 1308 4489 10⁴.
