3100 5250
488 418 539 482 IN
561 418 725 489 JUVEN.
751 420 850 487 SAT.
874 420 952 489 vlt
1215 424 1280 497 815

114 594 215 652 toriis
230 592 335 661 fuisse,
360 591 514 663 Subsellia,
537 594 715 667 Anabathra,
738 594 943 656 Orchestram.
966 595 1144 667 Subsellias
1135 616 1167 657 ιιι
1181 598 1278 657 medio

119 714 162 753 ac
189 694 323 775 planicie
344 706 441 775 atque,
463 705 496 754 ut
515 696 556 755 ita
573 697 677 767 dicam,
698 717 816 776 aequorc
829 698 913 769 atrii;
935 698 1112 771 Anabatlrra,
1133 699 1278 783 ᾰιάβαιῃ,

118 799 278 858 subsellia
297 798 338 858 ad
357 800 455 870 latera,
476 818 542 877 quas
555 800 746 879 adsurgerent
759 802 905 879 gradatim
916 813 948 861 et
959 821 1014 880 per
1025 802 1126 871 scalas,
1146 802 1279 864 theatrali

115 914 226 968 more,
242 897 390 957 subselliis
402 898 554 957 exstructis
575 898 639 957 aliis
659 918 747 977 super
766 899 839 957 alia·
832 899 986 977 ,denique
1008 899 1209 974 orchestrae
1229 922 1278 961 ca·

117 992 261 1067 rhodiis,
283 1016 352 1073 quae
369 994 399 1053 in
417 994 513 1054 fronte
525 1006 593 1054 ante
605 996 703 1074 ipsum
722 996 1053 1074 recitantissssuggcstum
1065 995 1213 1074 dispositas
1225 997 1279 1056 ho-

118 1096 330 1166 nestioribus,
351 1108 429 1155 extra
443 1096 610 1157 auditorum
623 1097 750 1175 plebem,
770 1097 858 1176 plane
871 1108 906 1157 ut
918 1098 951 1156 in
964 1097 1092 1169 theatris,
1113 1098 1165 1159 ubi
1178 1098 1280 1161 inferi-

119 1208 237 1257 orest
258 1198 386 1275 primore
406 1198 455 1257 illa
474 1209 557 1276 parte
577 1199 718 1277 primurm
738 1210 768 1259 et
789 1202 942 1261 Senatores
965 1200 1129 1261 sedebant-'¹
1208 1221 1280 1261 ano-

121 1294 247 1364 amara,
274 1316 301 1353 v.
328 1295 397 1355 Var.
421 1297 502 1357 Lect
582 1299 714 1377 pendent,
737 1299 895 1377 eleganter,
918 1302 956 1359 oh
980 1300 1181 1361 altitudinem:
1210 1321 1279 1372 nam

124 1417 201 1474 quae
213 1396 338 1475 praealta
354 1408 433 1466 sunt,
450 1398 570 1475 pandere
585 1400 667 1477 quasi
680 1398 826 1459 videntur.
837 1398 862 1437 ¹⁶
942 1400 1119 1479 reportandis
1130 1401 1279 1478 amiciris,

129 1499 207 1577 qnia
219 1499 362 1557 maduotoe
375 1497 424 1557 vel
437 1501 475 1558 ab
489 1500 549 1559 auis
561 1500 632 1560 locis
644 1500 703 1561 buc
717 1501 849 1573 collatae3
871 1502 967 1563 Schol.

180 1608 307 1661 48-52.
322 1601 452 1660 Miratur
464 1602 485 1661 J
487 1602 617 1663 uvenalis
629 1614 659 1663 et
675 1603 752 1663 ridet
764 1602 918 1663 stultitiam
930 1616 1093 1684 poetarum,
1109 1608 1170 1686 qui,
1185 1628 1279 1687 quum

136 1705 221 1765 nulla
241 1706 375 1765 laborum
395 1705 516 1783 praernia
536 1717 760 1783 consequantur,
777 1718 876 1767 tamen
895 1707 999 1767 stolida
1019 1709 1176 1769 ambitione
1197 1710 1279 1770 ducti

132 1809 270 1869 certatim
284 1807 417 1867 scribant
431 1808 560 1867 carmina
573 1820 602 1867 et
615 1809 745 1869 recitent.
774 1810 819 1867 Cf.
833 1810 871 1868 ad
886 1811 911 1879 I,
928 1819 974 1877 17.
991 1818 1037 1893 18.
1119 1811 1190 1880 Nor,
1202 1812 1279 1871 bene

135 1918 164 1967 et
177 1907 313 1966 modeste
324 1929 339 1995 ;¹
355 1926 425 1965 nam
445 1918 531 1985 poeta
551 1905 681 1985 loquitur
700 1917 730 1966 et
750 1905 833 1966 su'anr
846 1928 964 1987 quoque
985 1910 1138 1970 stultitiam
1151 1910 1278 1971 damme

134 2011 185 2069 laoc
198 2010 321 2088 aginus,
343 2010 425 2088 poesi
446 2028 564 2087 operam
578 2009 681 2068 damus
690 2032 700 2080 ;
725 2009 807 2088 quod
826 2008 957 2071 studium
977 2032 1036 2070 non
1055 2013 1144 2071 modo
1163 2011 1279 2072 difficile

135 2119 182 2169 est
193 2128 229 2167 sc
240 2108 408 2177 molestum,
420 2106 472 2165 sed
482 2116 512 2166 et
522 2107 708 2185 praemiorum
719 2118 808 2183 atque
820 2108 965 2167 commodi
975 2128 1027 2186 spe
1037 2119 1124 2167 caret
1204 2107 1280 2167 tanai

138 2208 169 2263 ia
179 2206 294 2284 puluere
303 2207 396 2264 aalma
409 2204 533 2264 ducimus
545 2213 572 2263 st
587 2204 653 2263 litas
665 2203 755 2263 sterili
768 2224 910 2263 voramus
922 2214 1032 2289 aratro,
1044 2205 1152 2264 frustra
1164 2204 1277 2265 lahora-

137 2324 207 2363 mus
220 2317 250 2367 et
263 2305 394 2365 studium
407 2302 439 2363 in
453 2304 534 2383 poesi
547 2304 693 2380 ponimus,
712 2321 771 2361 non
785 2303 890 2381 majori
903 2322 955 2381 spe
969 2301 1168 2373 emolumenti,
1189 2322 1279 2380 quarn

134 2402 163 2461 si
189 2422 346 2461 menarum
373 2421 521 2461 araremus
549 2398 642 2461 solum
664 2420 698 2459 ac
721 2398 799 2459 litus
844 2399 888 2458 lta
911 2399 1059 2478 proverbii
1083 2400 1148 2459 loco
1170 2398 1279 2459 dicitur

130 2521 230 2559 areaoe
244 2500 380 2561 mandare
393 2500 498 2559 semina
512 2513 541 2559 et
554 2500 621 2559 litas
632 2518 725 2557 arare.
737 2498 760 2542 ¹⁷
841 2506 939 2557 aratro
951 2497 1051 2569 curili,
1071 2518 1156 2569 vano,
1170 2497 1277 2569 inutili,

132 2601 202 2660 sine
216 2600 415 2662 emolumento
435 2601 556 2679 ejusque
577 2620 637 2678 spe,
658 2611 693 2659 ut
712 2598 815 2658 sterilia
833 2598 966 2659 cathedra
989 2610 1019 2658 et
1040 2598 1145 2658 omino
1166 2618 1195 2658 v.
1208 2606 1277 2660 203.

135 2703 219 2774 1111,
234 2712 284 2772 91·
303 2693 386 2763 Mari
402 2704 427 2772 1,
444 2711 493 2773 77,
511 2711 556 2760 ιι.
572 2703 610 2772 x,
628 2709 675 2774 18,
690 2709 718 2762 s.
731 2739 773 2752 -
788 2710 826 2762 aa
841 2723 900 2781 seq.
922 2702 1088 2761 Namadeo
1101 2701 1173 2762 huic
1184 2703 1278 2782 poeti·

135 2823 191 2862 ces
214 2803 312 2862 studio
330 2803 421 2862 dediti
442 2821 551 2870 sumus,
576 2811 619 2872 ut,
640 2801 664 2860 si
686 2801 732 2862 vel
753 2800 878 2861 velimus
890 2822 913 2860 ι.
927 2801 1081 2879 cupiamus
1095 2815 1126 2861 et
1139 2822 1279 2864 conemur

131 2900 280 2959 discedere
291 2901 330 2959 ab
342 2921 378 2958 eo
390 2912 421 2960 et
434 2899 598 2960 utilioribus
611 2899 714 2958 studiis
728 2900 860 2958 animum
871 2899 1028 2978 applicare,
1046 2919 1138 2977 prava
1150 2899 1277 2958 scriben-
1314 2936 1316 2939 -

129 3001 162 3060 di
175 3001 275 3060 libido
288 3013 319 3060 et
333 3001 453 3060 ambitio
468 3020 520 3060 nos
535 3001 617 3078 quasi
632 3001 744 3062 vinctos
764 3013 883 3062 teneant
902 3014 932 3062 et
945 3003 1061 3061 obtorto
1075 2999 1150 3060 collo
1164 3001 1203 3058 ad
1215 3019 1278 3059 ear-

130 3104 216 3164 mina
228 3105 388 3164 scribenda
399 3103 560 3182 impellant.
581 3103 664 3162 eonf.
679 3103 718 3162 ad
732 3103 823 3176 XIII,
837 3112 897 3174 239
912 3124 972 3182 seq.
1054 3100 1189 3160 ambitiosi
1201 3100 1277 3172 mali,

130 3220 166 3268 ut
178 3207 331 3266 ambitiosa
342 3215 495 3286 paupertas
509 3206 568 3276 ΙΙΙ,
586 3213 651 3265 182.
686 3205 812 3265 'Ambitio
824 3226 924 3285 propr.
937 3205 1087 3285 popularis
1098 3204 1200 3283 gratiae
1213 3215 1276 3264 sttt·

134 3308 219 3366 dium
233 3317 264 3366 et
279 3305 408 3385 captatio
419 3306 458 3365 ad
471 3305 644 3366 obtinendos
656 3304 790 3375 honores,
812 3305 891 3365 unde
911 3324 995 3363 suam
1007 3322 1125 3382 quoque
1143 3301 1277 3362 ambitio-

137 3427 208 3464 nem
219 3405 323 3467 laudat
336 3407 455 3464 Cicero:
478 3405 584 3464 deinde
598 3425 680 3464 vanae
693 3405 795 3484 glorias
808 3403 952 3462 affectatio
959 3425 970 3473 3
992 3422 1080 3480 quam
1093 3402 1173 3462 vocis
1187 3401 1276 3480 signi-

139 3503 302 3562 ficationem
316 3505 372 3564 sub
386 3503 548 3563 Caesaribus
562 3502 689 3561 demum.
701 3501 732 3559 in
746 3519 832 3560 usum
852 3499 975 3571 venisse,
996 3498 1162 3560 existimem
1181 3498 1275 3558 Gron.

139 3604 182 3662 ad
196 3604 259 3663 Liv.
275 3604 367 3675 XLV,
388 3603 436 3673 36,
459 3611 486 3663 8.
508 3615 538 3662 et
559 3603 702 3682 Spalding
721 3603 760 3661 ad
781 3600 904 3674 Quintil.
926 3601 998 3660 Inst
1019 3601 1072 3658 Or.
1086 3601 1113 3674 1,
1126 3608 1155 3670 2,
1171 3607 1219 3660 22.
1233 3633 1275 3648 ·-

140 3713 195 3764 52.
213 3705 353 3764 Camelitas
365 3705 503 3764 scribendi
515 3704 669 3764 insanabile
682 3712 752 3762 tenet
765 3703 872 3772 maan,
884 3701 1018 3780 ιιιστίξω
1031 3704 1074 3770 τὴν
1088 3705 1148 3761 νόσοι
1160 3705 1188 3760 οὐ
1201 3704 1275 3760 aaa·

134 3828 194 3876 μω
214 3805 284 3864 dixit
302 3803 437 3864 Palladas
457 3804 560 3882 Epigr.
583 3803 650 3873 XV,
671 3811 699 3862 4.
721 3801 752 3861 in
773 3802 902 3862 Brunck.
923 3801 1010 3861 Anal.
1033 3803 1068 3861 Τ.
1092 3802 1133 3860 ΙΙ.
1153 3821 1183 3878 p.
1205 3802 1273 3858 410.

133 3917 167 3964 et
181 3905 303 3964 morbum
318 3903 408 3962 Ovid.
425 3903 512 3962 Trist.
529 3903 571 3972 Il,
586 3902 630 3963 16.
675 3902 831 3972 Cacoetlrer,
852 3905 929 3962 matu
941 3901 1008 3973 aaa,
1029 3899 1123 3960 malus
1136 3919 1210 3968 mos,
1224 3917 1276 3957 na·

126 4021 211 4077 tura,
227 4007 390 4086 ingenium.
433 4005 557 4065 Medicis
582 4009 701 4073 κακιηθες
726 4005 842 4078 dicitur,
865 4005 946 4083 quod
968 4013 1071 4064 curata
1094 4000 1210 4061 difficile
1229 4001 1276 4060 vel

123 4113 207 4171 adeo
224 4107 387 4172 insanabile
401 4120 454 4180 est,
474 4129 502 4168 v.
517 4129 541 4167 c.
556 4109 718 4169 carcinoma
731 4108 779 4166 vel
798 4107 879 4167 aliud
895 4105 1023 4187 corporis
1044 4104 1136 4164 ulcus.
1156 4123 1184 4162 v.
1201 4103 1274 4162 Plin.

155 4324 175 4352 '⁶
191 4339 216 4372 s.
232 4323 265 4372 ad
279 4323 328 4380 XI,
342 4329 394 4373 107.
405 4324 435 4371 ad
448 4322 489 4372 Sil.
503 4323 524 4380 1,
540 4327 594 4370 128.
608 4331 632 4370 ιι
643 4319 691 4378 Vl,
757 4320 774 4350 ¹'
786 4339 807 4370 v.
823 4323 990 4383 Erasmpror.
1004 4328 1028 4368 ει
1043 4319 1118 4381 intpp.
1140 4318 1211 4368 Ovid.
1227 4318 1272 4379 Ep·

120 4395 185 4440 645.
726 4385 788 4436 Her.
804 4388 835 4445 V,
851 4391 905 4436 115.
922 4391 975 4438 116.

683 4467 734 4516 Ut
