3100 5250
457 463 507 536 IN
528 463 692 533 JUVEN.
716 466 815 534 sAT.
837 465 910 536 VL'
1172 471 1236 536 20⁸!

107 649 201 700 m,
215 629 252 691 h.
266 653 296 693 e.
309 631 491 714 prodigiosos
503 655 608 708 mores,
627 637 721 709 Urbis,
743 639 854 713 lim,
877 635 1056 700 demtum
1097 639 1181 700 Cous.
1201 639 1240 700 sd

107 749 133 786 v.
146 724 221 790 286.

145 835 310 889 85-118.
352 829 448 889 Soelus
470 841 500 890 et
522 831 633 892 insonis
654 833 775 913 Hippios
798 834 901 895 vividis
923 835 1113 894 adumbretur
1135 835 1239 896 oolori·

106 933 171 990 hue.
264 929 320 992 Nil
335 932 434 1010 pusio
445 931 568 1006 indulsit,
587 935 689 1014 petrin
701 936 776 996 nihil
789 957 899 1007 eorum,
913 958 979 1017 quse
996 947 1096 1016 peteoe
1109 938 1192 1016 qussi
1205 957 1241 1000 eo

105 1029 268 1108 postium
287 1031 443 1100 videbator,
456 1032 605 1101 concessit,
618 1033 664 1094 vel
679 1034 753 1094 nihil
766 1035 934 1105 officiorum,
947 1035 1048 1114 petrin
1062 1034 1239 1106 debitorum,

107 1127 189 1188 nihil
202 1128 322 1205 pietetis
333 1139 363 1186 st
373 1128 476 1188 amoris
489 1130 631 1207 prestitit·
643 1163 685 1180 -
693 1137 741 1196 87.
763 1133 941 1212 Wmit
950 1143 1035 1211 poete
1043 1144 1150 1204 monet,
1165 1133 1241 1193 illud

111 1228 244 1286 maxime
258 1247 318 1286 esee
331 1225 507 1296 mumdum,
520 1229 600 1306 quod
621 1228 706 1290 ludos
729 1231 870 1290 ciroemes
892 1243 923 1290 et
945 1233 1080 1303 scenicos,
1102 1251 1158 1292 neo
1180 1252 1242 1294 non

108 1321 247 1382 ludiones
269 1323 434 1401 relinquere
459 1326 604 1402 potuerit;
625 1347 685 1404 quo
707 1339 822 1388 tenatur
842 1329 954 1388 insanie
976 1340 1006 1389 et
1027 1329 1158 1409 Hippin,
1176 1325 1243 1389 illos

111 1418 212 1498 pluris,
233 1440 325 1498 quam
346 1423 502 1501 conjugem
523 1423 695 1503 liberosque,
717 1426 859 1497 facientis,
879 1440 909 1488 et
934 1427 1139 1498 Romnorum,
1158 1427 1241 1488 inex·

113 1516 368 1594 plebililudonnn
391 1521 614 1597 apecundorum
636 1521 796 1600 cupiditate
817 1522 992 1595 ardentium,
1015 1523 1053 1583 de
1074 1544 1185 1602 quov·
1204 1523 1243 1588 nd

118 1615 177 1686 111,
190 1623 258 1676 223.
340 1617 431 1676 Poris
444 1617 647 1680 celeberrimus
667 1619 769 1680 histrio
781 1631 812 1679 et
825 1620 937 1680 delicie
957 1620 1127 1691 Domitiani,
1146 1642 1166 1679 s
1184 1641 1244 1700 quo

121 1717 159 1776 od
179 1738 296 1798 magnes
318 1738 390 1796 opes
413 1720 607 1800 eximiumque
629 1721 789 1802 potentiam
810 1735 938 1797 evectus,
952 1722 1004 1782 sed
1016 1718 1132 1792 deinde,
1152 1741 1245 1800 quum

118 1815 247 1876 Domitio
262 1821 402 1896 Auguste
421 1817 486 1897 ejus
509 1839 606 1878 amore
626 1819 749 1898 arderet,
773 1821 884 1880 oocisus
906 1831 959 1879 est.
980 1839 1009 1878 v.
1029 1818 1103 1892 v11,
1124 1825 1162 1884 87
1183 1838 1243 1898 seq.¹

121 1917 194 1978 Suet,
210 1919 326 1978 Domit
340 1927 369 1978 s.
385 1927 432 1979 10.
457 1920 516 1979 Dio
535 1921 612 1982 Cau
636 1933 667 1982 et
688 1921 814 1984 Manui
837 1921 893 1993 xl,
920 1929 965 1983 14.
1005 1921 1092 1982 Alius
1112 1920 1246 2002 ejusdem

121 2015 243 2078 nominis
254 2015 359 2076 histrio
370 2016 507 2078 inclaruit
520 2019 575 2078 sub
589 2017 705 2078 Nerone
719 2031 749 2078 et
761 2020 799 2080 ab
812 2039 847 2080 eo
860 2019 1030 2080 interemtus
1042 2031 1094 2080 est.
1116 2039 1143 2078 v.
1164 2019 1246 2078 Soet.

125 2113 195 2174 Ner.
208 2122 257 2174 54.
271 2113 342 2176 Tse.
355 2119 435 2176 Ann.
449 2114 600 2189 xl11,20.
615 2123 664 2176 22.
679 2125 726 2186 27.
740 2127 770 2176 et
781 2116 820 2176 51.

166 2223 294 2286 88-94.
332 2216 472 2290 Quamvis
487 2218 600 2298 Hippio
612 2218 737 2280 molliter
751 2229 828 2280 esset
839 2219 962 2279 51188518
974 2218 1006 2276 in
1018 2219 1106 2278 domo
1117 2229 1246 2298 peteme,

128 2318 253 2378 lascivus
264 2329 358 2378 temen
368 2339 449 2378 smor
462 2330 523 2380 tum
535 2320 675 2380 euduoem
687 2339 751 2380 eom
764 2318 843 2389 fecit,
856 2331 892 2380 ut
910 2319 1040 2398 pericula
1058 2319 1249 2398 navigationis

128 2427 283 2495 sperneret.
322 2417 366 2477 cf.
379 2417 468 2478 Ouid.
483 2418 554 2478 Met
568 2417 641 2492 Vll,
657 2416 787 2478 62-68.
866 2417 968 2476 Pluma
990 2417 1083 2477 lectus
1096 2417 1249 2498 pulvinus·

125 2539 189 2597 que,
203 2517 312 2598 plumis
325 2530 440 2582 tumens
459 2520 505 2580 vel
527 2522 629 2594 fertus,
650 2520 781 2600 adeoque
795 2518 994 2597 mollissimus.
1015 2540 1044 2581 v.
1067 2519 1106 2582 ul
1129 2520 1155 2592 1,
1181 2528 1250 2592 159.

127 2623 407 2701 δεῃωωιωσυπα,
421 2635 529 2685 omstae
542 2623 695 2703 ugsueutis,
711 2644 778 2703 ques
800 2621 883 2684 cunis
906 2644 957 2683 seu
980 2622 1116 2703 stragulis
1139 2623 1251 2685 sdsutoe

129 2732 197 2780 sunt
214 2731 329 2780 orntum
347 2740 443 2794 muse,
465 2732 495 2783 et
517 2722 554 2782 de
568 2723 674 2801 quibus
688 2743 715 2781 v.
741 2722 780 2781 ed
793 2722 835 2794 11,
853 2729 919 2783 124.
931 2729 1034 2793 -·90.
1056 2721 1124 2781 Nou
1141 2722 1252 2782 mirum

130 2829 181 2885 est,
194 2836 256 2875 eum
267 2816 349 2877 varie
360 2818 449 2879 meris
461 2817 628 2879 discrimina
640 2818 791 2897 sprevisse,
816 2820 926 2899 quippe
939 2840 1005 2899 quse
1018 2818 1103 2878 lomae
1115 2818 1251 2897 pudoris·

128 2936 185 2995 que
192 2916 338 2995 jucturam
352 2916 438 2977 nihili
456 2917 546 2989 feoit;
566 2936 655 2996 quom
675 2918 726 2995 qui
744 2936 801 2997 pno
821 2914 915 2977 nihilo
936 2926 1030 2995 putot,
1051 2916 1136 2975 facile
1155 2916 1254 2975 omnio

126 3013 284 3073 oontemnit
296 3024 328 3073 et
341 3012 438 3073 sudet.
478 3020 527 3083 91.
548 3012 624 3087 Quae
637 3024 733 3073 tumen
754 3014 841 3077 seme
861 3014 977 3094 jactura
995 3013 1116 3071 minime
1136 3012 1253 3072 videtur

124 3114 246 3174 nolis'hn
258 3113 400 3175 omhtdris
412 3114 442 3173 h.
458 3135 482 3174 e.
496 3114 622 3185 feminis,
642 3136 709 3194 quae
722 3116 753 3175 in
766 3114 904 3177 mollibus
925 3116 1002 3175 sellis
1021 3114 1122 3175 sedere
1133 3114 1179 3174 vel
1199 3132 1254 3192 per

125 3223 227 3281 urbem
240 3220 312 3280 ferri
326 3219 427 3281 solent.
467 3220 514 3279 Cf.
537 3221 574 3279 sd
596 3219 621 3290 I,
642 3220 690 3281 65.
714 3221 769 3292 ΙΧ,
795 3229 844 3281 52.
865 3220 992 3281 Mertiel.
1016 3221 1076 3291 Ill,
1101 3219 1149 3289 63,
1176 3227 1203 3287 ’1.
1223 3230 1255 3280 et

128 3318 199 3389 llll,
215 3324 266 3389 88,
285 3322 313 3378 1.
326 3352 368 3367 -··
380 3324 430 3387 92.
450 3316 560 3377 lonium
571 3336 660 3387 mere,
674 3318 749 3377 inter
764 3319 887 3388 lutiam,
904 3318 1030 3377 Siciliam
1042 3316 1253 3397 Grecismque,

129 3430 226 3478 instro
235 3430 316 3497 petet
328 3431 360 3479 et
372 3418 428 3478 late
440 3427 518 3477 58881
534 3418 646 3498 impetu
659 3420 812 3490 fluctuum,
832 3419 960 3497 scopulis
982 3418 1132 3479 illisorum.
1152 3438 1254 3479 sonae

133 3526 185 3575 ten
198 3518 302 3577 Ionius
315 3538 354 3579 so
368 3518 475 3588 einum,
491 3529 527 3578 ut
537 3538 584 3596 ep.
607 3518 711 3579 Horat.
734 3516 829 3599 Epod.
852 3518 892 3590 X,
917 3525 962 3588 19.
986 3519 1033 3578 vel
1054 3519 1185 3589 fluctum,
1206 3516 1255 3577 vel

131 3630 265 3698 pontum,
278 3620 426 3686 nti’liuot
445 3619 609 3687 scilcimt.
650 3621 694 3679 Cf.
709 3621 778 3680 Ver.
793 3620 873 3681 Lect.
913 3629 962 3691 94.
982 3621 1152 3681 Mutandum
1177 3620 1255 3681 usia

129 3736 230 3784 osum
250 3737 315 3777 nam
331 3718 470 3777 Romanis
491 3717 524 3777 in
546 3718 709 3799 AEgyptum
728 3715 938 3797 “ejicientibus
960 3720 1016 3781 tris
1036 3719 1257 3781 transmittendo

127 3832 197 3881 sunt
209 3821 310 3895 muris,
325 3820 513 3900 Tyrrhenum
527 3843 550 3881 8.
565 3822 707 3896 Inferum,
723 3822 839 3881 Ionium
853 3832 883 3882 et
897 3823 1042 3915 AEgaeum.

164 3931 207 3993 94
219 3944 281 4005 seq·
300 3924 423 3988 Eidem
435 3922 580 3994 mulieres,
592 3943 658 4003 quae
670 3922 801 3983 libidinis
816 3922 968 4002 explendos
990 3944 1076 3985 oense
1094 3936 1154 3984 tem
1167 3923 1256 3983 eude-

124 4045 172 4085 ces
185 4036 265 4093 smst,
280 4024 375 4083 anxie
387 4044 421 4084 so
434 4026 556 4103 trepidae
569 4046 631 4085 esse
646 4024 747 4093 solent,
762 4024 815 4083 ubi
826 4024 947 4084 honeste
965 4024 1158 4103 navigationis
1179 4025 1256 4102 peri·

124 4120 319 4199 calonumque
334 4122 553 4183 subeundorum
568 4122 642 4181 ratio
654 4131 684 4181 et
697 4121 807 4181 occasio
829 4120 956 4179 offertur.
1040 4120 1176 4179 Gelontur
1190 4141 1257 4200 pec-

123 4231 185 4280 tora
197 4242 320 4303 pavore,
335 4232 369 4282 ut
382 4222 482 4303 rigere,
495 4222 626 4302 dirigere,
633 4222 802 4301 frigescere,
823 4222 955 4301 glaciari,
976 4230 1091 4301 torpere.
1112 4242 1141 4280 v.
1154 4222 1249 4282 Heius

122 4326 160 4383 ad
175 4324 269 4385 oviu
284 4327 358 4387 Met.
372 4324 398 4397 1,
414 4332 481 4385 548.
494 4360 536 4373 -
548 4334 597 4395 97·
619 4325 706 4383 etv.
721 4331 872 4384 881885.
887 4311 1099 4383 etplautm'u.
1118 4323 1192 4403 glor.
1213 4324 1257 4395 11,

125 4430 154 4495 5,
170 4430 212 4482 54
228 4442 289 4501 seq.
331 4422 472 4483 Schutnfl.
486 4422 607 4483 lectores
620 4420 742 4482 remittit
753 4421 792 4480 ud
809 4421 856 4481 Jo.
877 4420 999 4481 Filesooi
1012 4440 1132 4483 uxorem
1147 4422 1258 4505 justum
