3100 5250
309 352 373 411 210
681 345 1075 413 COMMENTARIUS

308 520 439 579 mitatem
452 518 619 579 deridentis
704 522 736 580 Si
750 522 800 581 tibi
813 521 954 599 dispulicuit
968 540 1054 579 uacus
1066 529 1139 588 tuus,
1154 518 1184 576 h.
1197 538 1223 575 e.
1237 518 1338 587 facies,
1358 534 1450 596 quam

308 622 339 679 iu
359 620 477 700 speculo
497 616 711 700 contemplaris,
732 644 792 683 non
808 623 915 703 placet,
936 624 1006 701 quia
1026 622 1166 681 deformis
1185 632 1240 689 est,
1263 640 1322 679 nec
1343 621 1452 700 pulcra

307 722 390 781 reddi
409 734 505 801 potest
524 734 605 795 πως
626 725 705 783 unde
725 725 777 783 ira.
789 732 908 795 -495.
928 724 1027 783 Altero
1045 723 1271 791 munuum,
1292 743 1309 781 a
1328 723 1451 783 sinistra

305 822 541 901 praeostendit,
557 822 715 902 componit,
737 844 830 884 eoum
842 826 987 895 confusas.
1028 824 1107 883 Nota
1120 821 1211 881 Hein.
1227 832 1289 882 este
1309 831 1330 860 “
1341 822 1449 881 Dubi-

306 925 359 983 tari
374 934 477 1003 potest,
491 946 528 985 an
542 926 599 985 hoc
613 947 682 986 usus
700 926 841 1005 loquendi
860 928 945 987 font.
987 928 1090 989 Unum
1109 924 1279 1003 exemplum
1295 924 1364 994 scio,
1384 925 1446 985 ubi

304 1026 401 1087 denum
422 1028 463 1087 ita
487 1040 659 1107 usurpatum
683 1029 812 1097 videtur.
838 1028 936 1087 Valer.
961 1028 1007 1086 Fl.
1032 1028 1058 1098 1,
1086 1025 1152 1086 156.
1197 1026 1293 1103 Igitur
1314 1027 1446 1105 amplius

304 1122 491 1201 cogitandum
513 1125 642 1183 censeo.”
682 1124 740 1183 Sed
760 1124 818 1183 alia
837 1124 972 1203 exempla
991 1135 1061 1184 sunt
1080 1123 1164 1200 Virg.
1178 1125 1249 1183 AEn.
1264 1123 1308 1191 11,
1321 1130 1394 1193 693.
1413 1136 1445 1182 et

305 1225 361 1297 lx,
375 1224 443 1285 631.
524 1226 606 1285 uoluit
619 1226 648 1286 iu
662 1228 762 1297 orbenr,
781 1247 808 1283 v.
823 1226 862 1286 ad
876 1248 905 1287 v.
919 1234 988 1296 492.
1002 1240 1033 1287 et
1046 1233 1115 1286 502.
1165 1232 1336 1295 497-501.
1352 1226 1443 1285 Reae

305 1326 415 1405 Graug.
438 1337 456 1365 ‘⁴
472 1328 602 1398 Satirioe,
617 1328 697 1408 quod
711 1339 860 1399 matrone,
881 1340 1032 1407 tamquam
1046 1339 1201 1399 senatores,
1222 1328 1262 1388 de
1275 1339 1384 1389 ornatu
1395 1350 1443 1388 oa·-

301 1428 440 1507 pillorurn
462 1430 625 1490 deliberent
648 1443 679 1490 et
699 1432 871 1490 sententiam
893 1431 1000 1490 dicunt.
1044 1430 1153 1489 Similis
1169 1432 1255 1510 jocus
1271 1430 1326 1501 lv,
1343 1438 1393 1490 73.
1411 1442 1442 1489 et

301 1552 349 1610 ap.
364 1532 429 1592 Sen.
444 1532 481 1592 de
495 1536 574 1593 brev.
589 1535 641 1593 vit.
656 1554 681 1594 c.
699 1541 744 1593 12.
776 1534 853 1592 Dum
874 1534 908 1593 de
927 1533 1046 1613 singulis
1058 1533 1170 1612 cupillis
1182 1532 1212 1591 iu
1225 1532 1371 1591 consilium
1383 1535 1440 1591 itur

302 1634 374 1689 oetl'
453 1640 580 1691 mutrouu
600 1631 705 1691 ancilla
726 1630 834 1702 vetula,
855 1634 895 1690 ob
914 1642 1029 1691 satutem
1050 1650 1196 1709 usumque
1215 1631 1344 1721 peritior,
1371 1652 1440 1710 quae

299 1749 379 1790 nunc
392 1729 475 1801 luvris,
497 1731 631 1799 lanificio,
652 1730 762 1789 admotu
784 1742 838 1801 est,
862 1731 938 1790 facta
959 1742 1004 1790 est
1024 1730 1199 1809 quasillaria,
1219 1732 1258 1806 (v.
1272 1750 1339 1807 sup.
1351 1731 1395 1793 ad
1409 1752 1440 1788 v.

239 1902 248 1915 ἢ
300 1828 384 1908 476)
398 1842 553 1908 postquam
573 1828 689 1889 cessavit
709 1831 823 1890 uuordo
843 1850 908 1900 ocu,
932 1829 961 1888 h.
975 1850 1001 1890 e.
1023 1830 1152 1889 emeritis
1172 1829 1248 1907 quasi
1266 1829 1439 1905 stipendiis,

298 1941 418 2007 propter
432 1940 545 1989 aetaoem
562 1940 592 1988 et
608 1930 772 1989 hebetatum
792 1928 945 1989 oculorum
966 1929 1069 1999 aciem,
1089 1928 1265 1988 vacationem
1283 1928 1398 2006 accepit
1417 1950 1439 1987 a

298 2030 424 2089 tenuiori
437 2049 471 2089 ac
485 2028 628 2089 subtiliori
642 2050 784 2089 manuum
798 2049 895 2107 opera,
916 2050 934 2087 a
954 2018 1065 2089 suendo
1078 2027 1126 2088 vel
1139 2027 1288 2106 pingendo
1299 2047 1363 2097 acu,
1384 2028 1437 2087 vel

298 2130 396 2208 potius
410 2130 569 2199 comendo„
582 2129 737 2209 crispando
756 2142 787 2189 et
806 2129 1009 2207 componendo
1029 2130 1118 2198 crine,
1140 2140 1175 2187 ut
1186 2148 1256 2187 ocus
1268 2128 1307 2188 u't
1319 2126 1437 2187 crinalis

298 2226 345 2285 uel
369 2227 580 2296 discriminalia,
605 2227 643 2286 de
663 2248 722 2306 qua
742 2249 769 2286 v.
791 2227 932 2306 Bottigeri
952 2226 1060 2287 Sabina
1078 2246 1109 2305 p.
1127 2234 1192 2291 127.
1235 2224 1303 2283 Vox
1324 2226 1436 2283 mua

298 2329 437 2407 praeclare
450 2330 541 2407 petita
555 2342 599 2389 est
617 2351 633 2390 e
653 2350 685 2390 re
705 2330 824 2391 militari
844 2341 874 2389 et
893 2329 1073 2408 gladiatoria,
1094 2341 1129 2388 ut
1148 2328 1280 2407 reliquie,
1301 2330 1435 2387 mentia

293 2432 389 2508 primo
404 2431 504 2509 Hujus
517 2432 578 2501 en't,
596 2440 659 2511 port
673 2433 745 2491 hunc
757 2440 838 2493 utute
851 2442 933 2512 atque
945 2441 1008 2491 urle
1019 2433 1137 2491 minores
1153 2432 1311 2491 cenosam
1324 2454 1342 2490 e
1355 2434 1435 2492 curia

297 2532 344 2591 uel
358 2545 469 2601 senatu,
487 2533 518 2590 in
532 2554 591 2610 quo
604 2535 740 2612 princeps
755 2547 871 2595 serratus
892 2534 1076 2613 senioresque
1097 2536 1197 2595 Patres
1216 2536 1307 2613 primi
1327 2546 1434 2596 mru-

297 2631 363 2690 tium
378 2631 514 2692 dicebaut
527 2633 573 2692 vel
586 2633 731 2693 censebunt
745 2647 775 2693 et
785 2635 872 2694 cereri
887 2635 990 2694 ordine
1002 2637 1189 2714 rogabantur.
1203 2671 1245 2684 -
1260 2643 1331 2694 500.
1346 2637 1433 2694 Tam-

189 2745 191 2755 “
295 2754 384 2812 quam
397 2735 484 2812 som
499 2747 550 2795 aut
562 2737 665 2806 anima,
687 2738 750 2816 ipsa
769 2739 838 2807 vita,
860 2738 891 2795 in
910 2738 1073 2815 periculum
1087 2749 1119 2798 et
1131 2739 1290 2798 discrimen
1303 2752 1431 2809 vocetur,

293 2837 341 2896 vel
354 2837 384 2896 in
399 2837 565 2898 discrimine
579 2851 718 2898 versetur.
732 2873 773 2888 -
788 2847 858 2900 502.
875 2841 928 2899 Tot
940 2832 1084 2900 ordinibus
1099 2841 1147 2901 vel
1165 2843 1309 2919 gradibus
1322 2844 1432 2902 cincin-

295 2955 400 2998 norum
414 2938 615 3017 cirrorurnque
626 2939 729 3017 premit
742 2949 836 3018 σαρκί,
856 2948 894 2998 tot
906 2941 1093 3019 compagibus,
1113 2941 1267 3012 cincinnis,
1286 2944 1378 3012 cirris,
1400 2944 1434 3002 in

295 3042 405 3102 nodum
420 3041 556 3116 collectis,
577 3043 713 3102 tabulatis
733 3045 816 3122 quasi
838 3056 868 3102 et
888 3045 1162 3124 contignationibus,
1185 3048 1312 3126 (elegen)
1333 3045 1432 3116 udum,

294 3140 362 3212 ulte,
376 3141 506 3218 oedfficut,
527 3142 603 3222 quod
620 3143 836 3223 καταχρηστικῶς
850 3147 897 3201 sui
909 3145 1056 3209 ruuurndc
1068 3142 1185 3203 dicitur.
1226 3142 1268 3200 cf.
1280 3142 1320 3200 ad
1334 3143 1432 3212 XHI,

298 3238 365 3300 165.
397 3241 576 3320 Grangoeus:
599 3251 619 3278 ‘¹
633 3241 783 3319 Antiquae,
798 3241 904 3318 inquit,
919 3253 1057 3302 matrone
1069 3241 1165 3300 crines
1177 3241 1215 3299 ad
1226 3239 1365 3298 verticem
1379 3260 1431 3300 m·

294 3338 364 3414 pitis
377 3341 547 3400 convolutos
560 3341 706 3400 habebunt
725 3352 755 3400 et
775 3353 911 3420 aggestus
923 3343 1006 3420 quasi
1026 3341 1057 3398 iu
1075 3341 1180 3399 turrim
1192 3351 1249 3398 aut
1266 3351 1379 3398 metam
1399 3342 1429 3398 in

185 3470 191 3480 ·
294 3439 422 3518 primore
435 3453 517 3518 parte
531 3443 658 3521 capitis”
693 3443 773 3504 Talis
787 3445 992 3504 structuravel
1006 3455 1101 3504 strues
1112 3441 1429 3522 capillorum,asronte

291 3543 323 3602 in
338 3543 476 3604 verticem
489 3545 677 3606 reductorum
690 3559 721 3606 et
734 3547 764 3606 in
778 3549 887 3626 gradus
901 3548 1090 3606 formatorum
1103 3546 1193 3605 instar
1205 3545 1297 3604 turris
1309 3557 1343 3605 et
1355 3546 1427 3613 coni,

291 3645 399 3706 dicitur
418 3649 506 3708 nodus
526 3660 556 3707 et
576 3649 688 3720 iutuitu,
710 3651 844 3710 Lucieno
863 3652 1030 3716 ἐπανάστασις
1042 3651 1142 3729 τριχῶν,
1165 3650 1258 3710 Statio
1272 3649 1346 3707 silv.
1361 3651 1385 3718 1,
1402 3659 1426 3719 1,

294 3755 360 3806 113.
374 3745 454 3806 ceooe
463 3746 575 3827 frontis
595 3749 709 3809 honores
727 3759 926 3829 suggestusque
942 3769 1033 3821 como,
1044 3749 1166 3808 Lucan.
1181 3748 1222 3820 11,
1237 3756 1308 3808 350.
1329 3769 1426 3809 corona

287 3855 428 3922 uutrouoe,
445 3847 581 3909 Hebraeis
595 3850 734 3930 Syriaque
748 3867 830 3912 unus
845 3850 1011 3917 aedificium,
1032 3860 1062 3909 et
1083 3850 1177 3927 (quod
1199 3847 1326 3908 Graecus
1345 3849 1425 3906 Thu·

286 3949 401 4026 oydidis
417 3950 569 4029 interpres,
583 3973 601 4010 a
614 3951 758 4010 Scriverio
770 3950 915 4019 laudatus,
930 3951 1030 4029 docet)
1046 3950 1176 4030 ιρῶβυλος
1189 3949 1222 4007 in
1235 3949 1318 4018 viru,
1338 3949 1369 4006 in
1381 3950 1425 4006 fe-

285 4048 372 4108 minis
387 4049 510 4130 κόρυμβος
524 4063 554 4111 et
568 4055 680 4133 exiguus
692 4053 722 4112 in
737 4052 844 4129 pueris
886 4051 931 4109 Cf.
952 4050 1094 4129 Bottigeri
1116 4050 1225 4110 Sabina
1243 4047 1339 4127 p.64¹
1356 4055 1424 4107 108.

220 4195 223 4202 .
287 4154 352 4206 114.
370 4157 435 4216 127.
455 4159 520 4210 131.
538 4159 594 4212 135
610 4173 666 4232 seq.
682 4151 727 4210 ed.
742 4172 788 4230 pr.
830 4151 900 4210 Hoc
912 4161 956 4210 est
969 4147 1192 4226 admisoupillir
1211 4146 1343 4206 turritum
1360 4167 1427 4205 ucr-

283 4242 362 4302 ticem
376 4255 481 4306 struere
495 4269 541 4327 up.
557 4249 680 4307 Hieron.
695 4247 732 4305 ad
747 4247 929 4308 Demetriad.
946 4255 1011 4307 130.
1027 4257 1095 4306 sect
1111 4253 1138 4312 7.
1183 4245 1333 4306 Territum
1347 4245 1430 4303 tortis

282 4357 365 4424 capud
379 4351 553 4410 accumulare
567 4351 595 4409 iu
610 4351 695 4408 altrum
709 4349 842 4408 Crinibus
852 4371 898 4426 ap.
910 4349 1049 4409 Prudent.
1062 4347 1215 4423 Psychom.
1234 4354 1304 4406 183.
1320 4367 1427 4406 courum
