3100 5250
287 447 347 508 126
654 441 1050 512 COMMENTARIUS

278 635 339 696 seq.
352 623 482 676 etvetus
495 615 592 678 Schol.
606 618 646 678 ud
663 619 718 692 lv,
735 627 804 687 117.
823 619 904 680 uude
916 617 1072 690 discimus,
1082 615 1189 678 vixisse
1203 615 1434 695 etproscurlras

279 733 333 773 seu
352 710 477 772 delubra
496 733 550 772 sus
567 712 705 776 habuisse
724 715 847 778 ,iudans
860 727 943 776 extra
957 715 1082 784 Urbetn,
1095 713 1127 772 in
1140 711 1292 794 prImisjn
1306 711 1431 790 Egerit
1522 721 1523 800 l

277 813 364 883 valle,
378 823 445 874 ante
458 826 574 893 portum
587 817 746 896 Cupmam,
761 818 863 898 ibique
876 830 908 880 et
925 819 957 878 in
977 816 1158 880 contermina
1178 816 1225 874 vis
1245 815 1349 894 Appia
1367 813 1429 874 iter

277 911 452 972 incientibus
464 912 659 974 mendicando
671 914 809 976 molestos
829 911 928 976 tuisse.
971 915 1048 987 Qum
1068 915 1092 975 si
1117 913 1185 993 quis
1206 923 1299 981 tenet,
1314 911 1426 992 [satim

279 1015 328 1076 vel
341 1035 390 1074 me
403 1034 464 1074 non
485 1026 623 1076 mouente
642 1017 764 1088 videbit,
785 1019 966 1098 interrogare
986 1016 1252 1097 petulantissimum
1267 1014 1423 1093 jureum,

278 1134 318 1174 an
329 1115 405 1175 forte
418 1113 598 1174 incideritis
610 1114 790 1188 mendicum,
805 1117 858 1194 qui
875 1115 952 1176 inter
971 1115 1145 1176 Judaeorum
1164 1113 1344 1194 proseuchas
1365 1115 1424 1174 cir·
1465 1151 1469 1156 -

278 1227 471 1296 onmrugetur
486 1227 517 1278 et
529 1216 613 1296 quasi
627 1215 794 1279 societutem
808 1238 879 1279 cum
897 1218 1092 1299 abjectissima
1110 1226 1199 1297 gente
1219 1217 1318 1287 incon
1350 1217 1423 1278 sutis

278 1315 495 1387 contumeliose,
509 1315 535 1375 si
549 1315 616 1395 quis
630 1315 725 1376 civem
737 1317 884 1378 natalibus
904 1313 1094 1397 splendidum
1112 1314 1283 1395 meritisque
1302 1316 1422 1396 conspi-

277 1437 368 1479 ouum
391 1416 526 1497 sagios*
566 1422 636 1488 298.
652 1417 774 1498 puriter,
798 1439 860 1479 non
884 1420 983 1480 uulnus
1009 1419 1034 1480 si
1060 1417 1246 1498 respondeus,
1275 1437 1362 1498 quum
1390 1420 1419 1480 si

276 1528 382 1578 toccu·
428 1581 432 1588 ,
465 1515 629 1578 Vudinosa'u
653 1517 724 1578 irad
732 1517 864 1598 sacient,
878 1518 1103 1590 olumsntsdec,
1116 1529 1221 1579 ueste
1234 1518 1419 1598 cmscsinju·

276 1615 380 1695 risque
393 1613 512 1676 effectos
525 1635 598 1686 esse,
611 1626 643 1676 et
655 1616 739 1678 litem
752 1617 808 1678 tibi
821 1617 1000 1691 Intendunt3
1020 1618 1151 1698 proprie,
1162 1619 1271 1698 jubent
1290 1629 1327 1686 te,
1340 1618 1421 1678 datis
1522 1647 1523 1696 3

276 1714 402 1776 ndr'bus
414 1734 437 1773 s.
452 1713 640 1794 sponsoribus
653 1715 796 1795 polliceri,
809 1715 892 1776 tend
912 1717 991 1778 diem
1010 1727 1122 1778 certum
1145 1717 1185 1778 od
1204 1717 1358 1796 egendum
1378 1716 1419 1776 de
1522 1733 1523 1800 ᾗ

274 1839 311 1880 sa
329 1837 362 1878 re
383 1837 559 1897 ausamque
578 1818 734 1878 dicendum
747 1818 780 1878 in
790 1800 841 1898 jus
854 1796 1330 1890 aditurum.⁴³-··2d9..Libertos
1353 1819 1385 1878 h.
1398 1817 1419 1878 1.
1522 1805 1523 1830 ³

275 1921 400 2003 destruis
422 1918 540 1980 dicitur.
582 1927 653 1980 ³0⁰.
675 1921 787 1992 adorot,
812 1921 938 2002 supplex
962 1931 1057 2001 rogat.
1099 1929 1168 1982 301.
1188 1921 1327 1984 Beneficii
1351 1923 1419 1984 loco
1522 1945 1523 1952 ¹

273 2023 549 2104 habentpanperes,
566 2023 648 2103 quod
661 2043 721 2082 non
734 2043 836 2085 omnes
856 2024 892 2084 iis
912 2023 1103 2084 excutiuntur
1123 2023 1234 2084 dentes.
1276 2031 1343 2084 804.
1365 2045 1416 2084 oa·

273 2126 506 2198 carmotensis
519 2125 641 2187 firmate
652 2126 794 2188 adversus
807 2127 888 2188 fures
907 2139 941 2188 et
958 2127 1143 2208 expilstores,
1164 2126 1214 2188 vel
1236 2127 1413 2207 petulantes,

273 2230 327 2311 qui
351 2231 487 2290 tuberm
512 2240 604 2290 noctu
626 2229 783 2310 effrIngere
808 2229 948 2301 solebant,
969 2240 1004 2290 ut
1027 2229 1090 2310 ipse
1116 2229 1218 2301 Nem3
1239 2229 1331 2290 Fero:
1346 2231 1415 2293 coll.

274 2329 356 2389 Suet.
377 2327 448 2389 Ner.
468 2327 519 2390 26.
531 2340 563 2389 et
576 2328 648 2390 Tuo.
661 2333 743 2391 Anu.
757 2329 849 2400 XIII,
864 2337 928 2390 25..
994 2328 1099 2388 eleusis
1117 2329 1250 2400 άοιιιὶὸιυ,
1266 2321 1417 2409 postqe'ra

272 2425 488 2486 anensem
499 2446 641 2505 compago,
654 2425 685 2486 h.
698 2446 724 2486 e
739 2427 883 2499 uberum
903 2437 992 2488 noete
1009 2425 1195 2507 intempesta,
1216 2447 1277 2507 qus
1295 2427 1417 2507 opifices

268 2527 333 2607 jn
345 2527 436 2598 sileat,
450 2527 615 2606 quiescunt,
628 2548 647 2586 u
659 2527 761 2588 labore
772 2540 893 2590 cessant.

312 2632 382 2683 305.
405 2623 604 2683 erutomm
616 2625 778 2687 multitudo
790 2628 864 2687 etin
877 2627 972 2699 Italia,
987 2638 1018 2689 et
1032 2630 1133 2689 Romoe
1145 2640 1216 2691 erat.
1260 2629 1307 2691 cf.
1330 2631 1412 2691 Suet.

273 2721 355 2800 Aug.
368 2740 394 2780 c.
413 2727 462 2779 82.
480 2732 510 2780 et
529 2727 579 2781 43.
592 2723 643 2782 ubi
663 2744 692 2782 v.
707 2726 831 2786 cmub.
873 2720 934 2787 306
947 2760 989 2777 ·-
1002 2734 1071 2788 308.
1093 2726 1278 2793 Grmsatores
1290 2748 1328 2789 ex
1341 2728 1416 2789 locis

158 2810 161 2817 ’
270 2818 424 2880 latrocinio
435 2818 522 2898 aptis,
535 2818 676 2881 custodiis
687 2821 730 2881 ibi
743 2822 899 2902 dispositis,
913 2824 992 2903 pulsi
1007 2824 1131 2885 Romam
1144 2825 1303 2885 confluunt.
1335 2831 1413 2905 ⁴³⁰⁷·

273 2919 421 2999 Campiet
429 2918 550 2999 pudtdes
564 2918 701 2979 Pomtinoe
722 2918 805 2998 (hod
827 2919 934 2980 Poluds'
955 2920 1090 3002 Pontiae)
1112 2921 1189 2981 inter
1209 2920 1410 3001 Nymphaeum

271 3031 303 3083 et
316 3021 456 3082 Ufentem
469 3021 499 3081 fl.
511 3022 550 3083 ub
570 3023 683 3081 Astura
700 3020 741 3080 ad
760 3021 958 3093 Terracinam,
980 3044 1056 3103 qnae,
1078 3024 1104 3085 si
1123 3025 1212 3085 Festo
1231 3024 1262 3083 in
1282 3023 1410 3083 Pontiae

270 3120 346 3181 tribu
359 3120 433 3182 fides
444 3120 590 3195 habenda,
602 3141 621 3179 a
636 3120 740 3181 Pontis
754 3122 836 3193 urbe,
853 3121 946 3199 (unde
966 3121 997 3183 h.
1016 3121 1036 3180 l.
1057 3121 1218 3203 legendum
1237 3134 1312 3183 esset
1330 3122 1412 3182 Pon-

269 3220 339 3291 ts'no,
355 3228 391 3277 ut
403 3221 439 3277 rui
450 3224 556 3279 Ilissos
568 3218 616 3289 ἕλη
627 3239 675 3297 ap.
688 3217 780 3277 Dion.
795 3219 872 3279 Cass
887 3217 999 3277 XLIV.
1013 3238 1043 3298 p
1066 3226 1136 3280 242.
1156 3219 1252 3279 XLV.
1271 3239 1302 3298 p.
1323 3221 1412 3299 274.)

270 3320 319 3381 vel
331 3320 439 3399 potius,
454 3332 488 3380 ut
499 3321 549 3381 alii
562 3331 678 3400 putant,
693 3322 731 3381 ab
744 3340 816 3399 ugro
831 3320 982 3381 Pometino
996 3331 1048 3382 aut
1062 3322 1167 3382 Suessa
1181 3321 1321 3392 Pometia,
1336 3320 1412 3381 vici-

269 3416 497 3477 no‘Volscomm
510 3436 579 3499 opp.
595 3418 664 3498 (Gr.
679 3419 805 3490 Πωμίτια
818 3440 842 3480 s.
857 3420 1003 3492 nuptum,
1018 3429 1048 3480 et
1060 3424 1089 3479 sl
1103 3420 1243 3493 nupivrro'r
1257 3440 1280 3479 s·
1302 3428 1412 3493 Πωμεν-

135 3561 139 3569 .
269 3520 338 3579 rim
350 3521 436 3591 sulio,
450 3540 479 3579 v.
493 3540 520 3581 c.
539 3541 587 3600 up.
609 3521 705 3581 Strab.
724 3521 761 3581 V.
782 3541 813 3601 p.
837 3529 903 3592 159.
926 3520 993 3583 161.
1013 3522 1093 3583 unde
1117 3532 1209 3583 contr.
1236 3522 1357 3591 Pomts'o,
1379 3532 1413 3581 et

267 3633 390 3703 propter
402 3622 589 3702 euphenium,
602 3644 671 3702 quse
682 3634 781 3691 tamen
788 3625 880 3685 nulla
898 3634 952 3696 est,
973 3646 991 3685 o
1011 3626 1189 3706 qmbusdam
1209 3625 1340 3705 Pomptio
1360 3623 1413 3686 vel

267 3728 419 3807 Pomptina
428 3726 673 3807 proscribitur,
688 3727 803 3807 dequo
814 3749 842 3787 v.
856 3728 895 3787 ud
908 3726 960 3787 sil.
974 3727 1064 3799 VIII,
1086 3735 1155 3796 377.
1174 3738 1205 3789 et
1225 3728 1347 3789 Cuseub.
1368 3728 1413 3787 ad

268 3834 349 3896 Suet
363 3835 436 3894 Coss.
458 3832 523 3912 46)
545 3851 654 3891 nomen
673 3850 820 3911 sccepere,
847 3830 977 3911 olimque
999 3831 1153 3893 obtinuere
1175 3830 1274 3891 locum
1294 3830 1410 3889 XXIII

266 3933 453 4012 oppidorum,
469 3928 561 4007 (Plio.
575 3928 636 4001 111,
650 3930 693 4009 5.)
705 3928 759 3987 sed
771 3938 874 4007 posteo
887 3946 1004 3987 crevere
1027 3926 1059 3985 in
1078 3926 1142 3987 dIes
1161 3946 1199 3985 ex
1221 3925 1315 4009 aquis,
1338 3946 1412 4005 quoe
1522 3960 1523 3985 ι

265 4055 303 4095 cx
323 4034 472 4096 montibus
495 4033 527 4093 in
550 4031 702 4112 planitiem
728 4032 890 4103 confluunt,
914 4033 1072 4109 uiiremque
1100 4028 1246 4110 pestiferis
1271 4028 1411 4091 inficiunt

264 4134 431 4211 ruponbua
446 4133 498 4213 qui
510 4129 558 4193 vel
572 4134 675 4193 Roma
695 4131 872 4191 sentiuntur.
913 4130 1053 4209 Ingentes
1067 4139 1190 4201 sumtus,
1204 4148 1222 4187 a
1236 4129 1324 4187 Corn.
1345 4128 1406 4187 Ce-
1522 4150 1523 4197 ι

264 4230 355 4309 thego
368 4232 434 4291 Cos
447 4252 473 4289 u.
488 4229 527 4293 U.
541 4230 636 4290 DXC.
659 4228 740 4308 (Liv.
762 4228 850 4306 Epic·
868 4226 931 4307 46.)
952 4246 970 4285 a
989 4225 1051 4287 Jul.
1074 4226 1198 4296 Caesare,
1219 4223 1316 4303 (Suet
1338 4226 1408 4305 44.)
1522 4218 1523 4291 i

266 4330 413 4408 Augusto,
428 4330 548 4407 (Horat.
562 4333 599 4389 A.
617 4330 649 4389 Ρ.
662 4331 727 4407 65.)
742 4326 879 4407 Trojano,
896 4326 971 4407 (Dio
985 4328 1080 4407 Cass)
1101 4322 1294 4393 Theodorico,
1318 4324 1407 4402 (Ces-
1522 4338 1523 4399 1

298 4492 318 4522 ⁰
334 4488 739 4541 memmascesomssmou
749 4504 814 4541 uun.
829 4506 849 4539 c.
866 4496 903 4541 16.
917 4500 941 4539 ιι
955 4488 1102 4541 Buduusud
1117 4487 1192 4539 I’aud.
1206 4504 1229 4549 p.
1242 4502 1278 4535 m·
1291 4492 1379 4550 toeeq.
1522 4522 1523 4573 3
