3100 5250
474 455 528 522 IN
548 454 838 526 5117136815.
862 458 927 528 111.
1228 463 1270 524 95

165 828 305 891 61-35.
326 831 435 910 Neque
451 831 603 892 15555516
626 832 696 892 satis
718 843 764 893 est
782 832 831 892 vel
853 832 980 892 maxime
1000 829 1171 900 dolendum,
1193 830 1274 910 quod

122 927 239 998 Achai,
262 927 375 999 Grec,
403 929 524 988 Romam
545 929 756 1008 migmverint3
783 930 847 991 brec
868 929 947 990 enim
967 939 1011 988 est
1029 927 1152 986 minime
1170 930 1272 1007 portio,

119 1051 213 1108 pers,
225 1029 326 1110 facis,
349 1029 553 1091 vilinimornm
571 1034 868 1113 turpissimommquo
885 1031 1055 1092 hominum:
1074 1031 1141 1109 jam
1161 1031 1273 1110 pridem

122 1129 200 1190 huc
212 1149 252 1188 ex
263 1130 334 1188 Aris
345 1129 500 1208 confluxere
519 1131 608 1190 etiam
626 1131 694 1210 Syri
711 1130 822 1210 aliique
835 1131 926 1190 exteri
946 1140 977 1190 ct
989 1127 1098 1188 nullius
1111 1127 1206 1206 frugis
1219 1129 1272 1188 ho·

122 1232 239 1302 mines,
259 1233 312 1310 qui
326 1233 410 1292 noris
422 1233 536 1292 artibus
548 1233 719 1313 deliciisque
733 1254 804 1314 opes
817 1234 1033 1294 nanciscuntur.
1075 1232 1119 1290 Cf.
1133 1230 1188 1300 VI,
1204 1237 1272 1300 295.

122 1331 207 1399 VII,
223 1337 261 1392 14
272 1350 332 1408 seq.
356 1329 449 1398 VIII,
467 1338 524 1401 198
539 1352 599 1412 seq.
620 1331 750 1393 Marticl.
762 1332 824 1401 111,
839 1339 867 1390 4.
892 1332 928 1400 V,
951 1339 998 1397 57.
1020 1329 1099 1390 Suet.
1113 1329 1273 1408 Vesp.',l9.

129 1433 226 1512 Sym
238 1431 410 1492 ira-Tiberim
422 1431 540 1512 51415511
556 1433 683 1505 Orcum,
707 1434 847 1514 preclare
866 1454 930 1514 pro,
956 1433 1033 1512 Syri,
1056 1432 1199 1492 Orontem
1219 1432 1274 1490 llu-

128 1536 219 1595 vium
232 1535 324 1614 Syrie
342 1535 516 1606 accolentes,
541 1557 610 1596 cum
628 1536 709 1597 vitiis
729 1537 790 1598 suis
811 1537 943 1606 Romam,
968 1536 1006 1596 ad
1027 1536 1159 1596 Tiberim
1179 1536 1273 1607 situm,

133 1635 347 1694 confluxerant
387 1635 473 1694 Cous.
493 1635 636 1714 Bbttigeri
657 1636 765 1697 Sabine
785 1657 814 1714 p.
837 1634 905 1695 446.
928 1633 979 1716 qui
997 1635 1057 1694 hnc
1077 1635 1167 1694 refert
1186 1635 1276 1695 verba

131 1733 275 1794 Athenai
290 1733 314 1804 1,
330 1740 376 1799 17.
398 1732 441 1810 (Ι,
456 1731 505 1791 36.
519 1732 556 1794 Τ.
571 1733 595 1791 1.
609 1754 639 1813 p.
656 1740 704 1800 75.
718 1733 764 1793 ed.
779 1733 961 1813 Schweigh.)
983 1735 1036 1791 ὅλα
1057 1735 1092 1792 rai
1112 1731 1163 1800 idm
1184 1735 1275 1810 ἀθρόως

128 1837 224 1896 uirile
241 1835 370 1913 (Bane)
391 1836 549 1915 uaoiurrrae,
573 1837 606 1903 irc
626 1839 655 1896 ri
673 1839 855 1896 Καππαδοκῶν
874 1841 922 1894 καὶ
946 1835 1024 1918 Erigon
1046 1837 1101 1915 (ite
1124 1835 1198 1914 legit
1219 1855 1274 1914 pro

128 1941 242 2018 155655)
257 1944 306 1997 rui
321 1941 449 1998 umas,
462 1943 509 1998 sal
520 1937 613 1998 dum
625 1943 746 1998 chiam.
789 1940 897 2002 similis
914 1941 1013 2020 imago
1030 1940 1061 1999 in
1076 1939 1164 2000 sacris
1183 1939 1275 1999 literis

127 2039 281 2118 reperitur.
291 2038 376 2099 Emi,
387 2039 477 2108 VIII,
491 2038 519 2098 6.
535 2048 563 2106 7.
585 2040 652 2117 (5151
668 2060 697 2098 v.
711 2039 844 2119 Lowth.)
867 2053 897 2101 et
916 2061 963 2118 ap.
986 2038 1138 2102 claudian.
1160 2039 1191 2098 in
1212 2039 1274 2098 Eu-

127 2153 210 2220 trop-
224 2141 337 2213 1,434.
368 2141 498 2219 (Scribat
519 2160 558 2200 sc.
582 2161 690 2202 nomen
711 2141 847 2220 Eutropii
868 2141 995 2202 consulis
1015 2141 1046 2200 in
1065 2141 1147 2200 festis
1167 2139 1274 2220 Halys,

22 2284 30 2297 .
115 2247 224 2324 sam
243 2243 345 2302 5551651
362 2251 510 2303 mentor
531 2241 650 2302 Orontes
663 2248 733 2324 cet.)
750 2243 803 2303 ubi
818 2244 900 2302 fluvii
913 2243 1010 2312 eriam,
1029 2253 1064 2330 ut
1076 2241 1106 2301 h.
1120 2242 1150 2311 1.,
1164 2263 1274 2302 memo-

132 2345 198 2404 rati
210 2364 268 2423 pro
279 2345 441 2423 regiorubus
454 2345 525 2412 suis,
540 2342 672 2422 Phrygio
687 2355 718 2404 et
738 2344 831 2422 Syris,
853 2363 1012 2421 eorumque
1026 2342 1137 2402 incolis.
1178 2343 1223 2400 ef.
1237 2341 1277 2402 ad

16 2498 17 2501 ,
132 2443 206 2513 XV,
223 2427 292 2503 1⁸10.
332 2445 382 2503 Ad
401 2443 519 2505 delicias
538 2443 725 2522 potissimum
744 2442 944 2502 Antiochense
964 2439 993 2499 h.
1011 2439 1032 2500 1.
1051 2441 1166 2519 respici,
1188 2461 1277 2521 quem

129 2544 242 2602 urbem
264 2541 381 2603 Oronten
401 2543 494 2603 alluat
517 2543 661 2622 cujusque
685 2542 790 2602 luxum
814 2541 1014 2602 incredibilem
1036 2541 1185 2620 eleganter
1207 2561 1275 2620 per-

134 2648 266 2725 stringat
277 2648 409 2708 Julianus
427 2649 504 2735 Imp.
524 2648 723 2727 in‘Misopog.
746 2648 794 2726 (ut
807 2658 837 2719 et
850 2647 1011 2707 Herodian.
1027 2648 1070 2718 11,
1086 2655 1114 2717 7,
1132 2648 1194 2726 15.)
1215 2666 1274 2707 non

133 2747 216 2807 male
227 2747 426 2826 wrpiccbstur
440 2746 618 2807 Herminius.
643 2781 648 2790 .
660 2750 761 2808 Potest
772 2758 871 2807 tamen
885 2760 916 2808 et
928 2748 1063 2808 universe
1076 2746 1115 2807 ad
1128 2746 1275 2807 luxuriam
1296 2806 1300 2815 ,

133 2848 329 2925 peregrinam,
350 2868 389 2905 ex
409 2847 482 2907 Asia
500 2846 631 2925 primum
650 2847 682 2905 in
703 2848 816 2907 Urbem
829 2868 847 2907 a
860 2848 914 2907 Cn.
929 2846 1041 2907 Manlio
1055 2848 1209 2917 invectam,
1227 2867 1275 2907 re·

131 2949 209 3019 ferri,
223 2950 340 3029 dequo
351 2970 382 3008 v.
394 2948 452 3009 loc.
465 2949 548 3010 class.
563 2949 628 3009 Liv.
644 2950 792 3023 XXXIX,
807 2950 836 3011 6.
857 2972 946 3031 quem
965 2950 1118 3012 Iuvenalis
1138 2950 1226 3009 etium
1244 2950 1275 3009 in

131 3075 188 3134 seq.
202 3074 296 3114 versa.
310 3054 462 3132 expressit
506 3053 574 3132 Syri
587 3052 695 3133 aliique
709 3029 828 3115 orientis
847 3054 952 3134 populi
968 3053 1043 3115 luxu
1057 3052 1275 3113 5655151515-

130 3158 221 3218 fames
233 3151 335 3217 erant:
372 3157 417 3215 CI.
432 3156 523 3226 VIII,
540 3163 606 3215 158.
623 3164 689 3226 159.
703 3192 746 3205 -
758 3158 807 3218 63.
821 3178 883 3217 cam
897 3156 1017 3227 tibicine,
1031 3176 1098 3217 cum
1113 3155 1201 3227 tibiis,
1216 3166 1276 3217 um

130 3261 268 3341 obliquis,
284 3259 493 3340 (πλαγιωύλως)
509 3278 597 3337 quam
610 3259 707 3328 rectis,
727 3260 848 3322 chordae
860 3260 995 3339 obliquas,
1020 3260 1166 3331 sambuce,
1184 3258 1276 3337 1γτ55,

132 3360 256 3420 cinnas
270 3371 329 3420 oet.
371 3359 477 3421 Verbis
490 3379 552 3417 cam
565 3357 675 3418 tibicine
692 3358 812 3419 chordas
830 3358 956 3439 obliquas
975 3360 1140 3437 πλαγίαυλον
1160 3380 1181 3419 c
1202 3357 1277 3417 obli·

137 3480 224 3537 qnam
235 3461 350 3530 tibiam,
376 3480 454 3539 quae,
479 3458 503 3518 si
517 3478 582 3519 eum
599 3447 702 3519 inflent
721 3459 865 3529 ubicines,
888 3458 1001 3529 efficiat,
1027 3471 1060 3517 ut
1074 3457 1144 3536 ipsis
1159 3478 1278 3537 quoque

138 3557 274 3637 obliqm
286 3560 325 3619 sit
337 3571 436 3640 ceput,
457 3559 611 3619 manifeste
630 3558 789 3637 designari,
810 3568 840 3618 et
860 3557 978 3617 chordas
998 3579 1049 3619 seu
1059 3560 1141 3637 fider
1159 3579 1219 3619 non
1239 3559 1277 3617 de

139 3661 253 3720 citbm
264 3682 376 3742 semper
388 3674 441 3723 aut
453 3662 520 3743 lyra
531 3661 655 3742 alisque
668 3662 700 3721 id
713 3681 809 3740 genus
826 3662 955 3741 ἐγχέγδοις
974 3660 1022 3723 vel
1042 3664 1149 3730 15555515
1169 3662 1278 3721 instru-

137 3763 260 3833 mentis,
274 3765 323 3823 sed
334 3766 371 3825 de
382 3765 460 3827 66115
472 3766 561 3825 etiam
574 3764 642 3837 dici,
657 3765 782 3843 viceque
795 3783 878 3825 versa
891 3764 1016 3824 citharae
1028 3765 1122 3846 accipi
1135 3785 1191 3844 pro
1204 3763 1280 3823 116115

136 3870 521 3950 etoikmlvproulagpdiq
536 3870 716 3949 apLucret.
738 3866 793 3940 IV,
816 3873 883 3935 587.
906 3875 933 3927 8.
975 3868 1127 3929 Platonem
1149 3878 1179 3926 et
1198 3865 1278 3937 elios,
1375 3898 1381 3911 ·

133 3970 334 4030 contendebat
347 3971 431 4032 Voss.
447 3972 533 4033 Obss.
546 3971 586 4029 ad
598 3969 704 4030 Catull.
718 3989 747 4048 p.
763 3990 802 4027 m.
819 3968 885 4031 166.
903 3982 933 4030 et
949 3970 1015 4037 167.
1055 3968 1179 4047 Copiose
1192 3980 1280 4046 atque

128 4069 254 4129 erudite
266 4083 367 4131 contra
379 4093 449 4132 eum
464 4070 798 4151 disputavitSpenbem.
812 4072 850 4129 nd
864 4069 977 4129 callim.
994 4071 1035 4129 H.
1046 4070 1078 4127 in
1090 4067 1160 4127 Del.
1172 4088 1199 4125 v.
1211 4074 1279 4127 253.

126 4172 188 4232 ubi
200 4184 309 4250 praeter
321 4173 381 4233 5115
393 4174 460 4235 haec
472 4174 600 4254 reperies
613 4174 717 4233 verba:
740 4183 760 4211 “
777 4174 863 4235 Notae
877 4173 995 4233 abunde
1011 4172 1129 4251 obliquae
1149 4182 1280 4231 veterum

124 4274 211 4334 tibia
223 4297 248 4334 5.
259 4276 414 4355 plagiaull,
435 4296 471 4337 oc
489 4284 631 4356 praeterea
646 4266 819 4335 Pboenicum
833 4297 855 4335 5.
871 4275 1023 4353 Syrorum,
1044 4274 1096 4352 qui
1110 4273 1250 4333 confundi
1263 4293 1281 4330 a

127 4374 275 4433 Remmia
289 4386 320 4433 et
334 4376 449 4435 Graecis
462 4376 550 4435 etiam
564 4374 755 4453 scriptoribus
769 4374 872 4445 solent,
885 4373 976 4443 tibiae,
990 4377 1094 4453 γίγγροι
1103 4376 1281 4454 αιιῐγίγγγαι,

126 4498 166 4537 ac
183 4478 327 4537 Sarrarroe
341 4476 389 4537 vel
406 4480 548 4549 Serranae,
569 4478 598 4536 b.
613 4498 638 4535 e.
653 4477 762 4556 Tyriae,
778 4478 871 4538 dicta.
916 4476 973 4536 Sed
994 4476 1152 4557 utrumque
1174 4474 1282 4537 Musici
