3100 5250
495 1054 878 1133 PROOEMIUM

665 1327 750 1381 nn'

390 1562 696 1653 pransu
756 1560 989 1671 viru,
1095 1501 1098 1507 ’

246 1834 484 1895 MORIBUS
513 1832 576 1891 ET
601 1831 889 1890 SCRIBENDI
914 1831 1132 1893 GENERE.

564 2085 866 2101 ἢ

117 2286 342 2359 Duarnuarts
355 2302 400 2350 tot
412 2290 559 2369 tantisque
572 2290 738 2351 nationibus
750 2312 769 2351 a
783 2290 920 2353 Romania
933 2294 1070 2373 omnique
1082 2296 1193 2356 ratione
1206 2316 1259 2357 ex·

117 2394 236 2475 pilatio,
245 2393 379 2471 ingentes
399 2392 518 2464 divitie,
533 2412 660 2473 queque
674 2389 771 2453 erbis
784 2394 863 2453 nasei
877 2393 978 2466 solent,
997 2396 1127 2467 avaritia,
1140 2397 1258 2459 luxuria

119 2494 283 2571 omniaque
298 2492 436 2551 vitiorum
449 2511 566 2571 genera,
582 2492 705 2551 Romam
718 2493 925 2564 confluxerant,
939 2495 1046 2574 quibus
1059 2496 1177 2556 tandem
1188 2517 1258 2556 con·

120 2597 209 2676 rupti
223 2596 351 2672 victores¹
359 2606 389 2654 et
402 2594 534 2677 enervati
545 2612 661 2653 omnem
682 2592 840 2656 honestatis
859 2606 889 2656 et
900 2595 1041 2658 libertatis
1054 2616 1171 2657 sensum
1183 2596 1260 2658 adeo

121 2696 296 2763 amiserunt,
318 2705 352 2754 ut
373 2694 577 2772 gravissimum
598 2694 744 2754 servitutis
759 2697 878 2774 jugum,
893 2717 912 2754 a
923 2695 1097 2774 turpissimis
1109 2696 1260 2756 interdum

120 2797 295 2858 bominibus
305 2797 359 2856 sibi
373 2796 542 2875 inpositum,
553 2817 639 2875 aeqno
650 2795 749 2855 auimo
762 2808 939 2874 paterentur.
982 2797 1080 2858 Prisca
1099 2797 1149 2856 illa
1166 2797 1261 2856 animi

123 2901 302 2978 magnitudo
315 2912 345 2960 et
357 2899 495 2977 gravitas,
509 2919 569 2977 qus
589 2899 712 2958 Romani
727 2909 837 2960 veteres
857 2899 983 2978 reliquas
995 2899 1126 2959 nationes
1146 2900 1262 2977 prusti-

122 3009 234 3068 terant,
248 2997 301 3057 vili
314 2997 400 3058 eessit
411 2995 571 3056 adulationi
584 2996 748 3076 puerilique
756 2995 885 3057 levitati.
927 2997 1044 3058 Etenim
1063 2997 1126 3075 ipsa
1139 2996 1263 3075 frugali·

124 3109 182 3168 tas,
196 3107 289 3156 mater
302 3115 386 3175 pene
400 3096 531 3155 omnium
544 3095 697 3165 virtutum,
717 3095 824 3175 quibus
837 3115 945 3156 nomen
960 3097 1123 3156 Romanum
1134 3094 1179 3154 vel
1193 3095 1259 3155 hos-

125 3214 172 3262 tes
187 3199 387 3258 infestissimos
399 3199 431 3258 in
444 3197 489 3258 sui
502 3197 723 3258 admirationem
741 3211 888 3278 rapuerat,
903 3199 1008 3278 opibus
1021 3199 1099 3259 orbis
1118 3209 1262 3259 terrarum

127 3300 160 3358 in
175 3301 281 3361 urbem
295 3299 439 3378 oongestis
453 3297 575 3378 expulsa
597 3298 672 3357 adeo
683 3297 812 3368 evanuit,
826 3297 905 3356 utin
917 3297 1019 3376 paucis
1037 3297 1196 3358 admodum
1208 3319 1260 3377 ge-

126 3397 287 3459 nerosioris
300 3396 417 3468 indolis,
433 3397 484 3475 qui
503 3416 521 3454 a
542 3395 690 3456 eommuni
704 3395 842 3454 vitiorum
863 3395 998 3473 contagio
1011 3395 1151 3456 intactum
1166 3417 1261 3456 serva-

127 3511 237 3560 verant
255 3500 395 3571 animum,
416 3498 540 3576 vestigia
553 3498 617 3576 ejus
637 3507 828 3556 remanerent.
870 3490 984 3558 Umbra
1003 3498 1154 3570 libertatis,
1173 3519 1262 3579 quam

130 3605 289 3684 Augustus
302 3602 424 3674 civibus,
444 3600 538 3678 magia
558 3611 592 3658 ut
605 3600 651 3659 sui
670 3599 763 3679 ipsius
783 3598 877 3669 saluti,
899 3619 986 3678 quum
1008 3606 1161 3662 uteorum
1185 3585 1263 3662 com.

130 3704 230 3764 modis
252 3703 425 3772 consuleret,
452 3701 619 3780 reliquerat,
639 3721 658 3758 a
677 3699 797 3760 Tiberio
819 3700 952 3760 funditus
976 3702 1108 3773 subluis,¹
1132 3703 1265 3776 Romani,

131 3821 317 3861 cumrerum
331 3801 516 3879 publicarum
529 3798 644 3868 omissa,
654 3799 862 3858 convertebant
881 3798 991 3858 animos
1011 3799 1049 3858 ad
1062 3819 1113 3862 res
1128 3798 1265 3880 primas,

132 3916 225 3982 atque
244 3923 326 3962 amor
336 3900 438 3981 patriae
452 3899 640 3979 studiumque
649 3919 749 3958 rerum
761 3899 960 3959 eommunium
981 3900 1086 3960 sensim
1101 3889 1267 3982 sensimque

133 4006 358 4084 exstirpabatur.
386 4004 487 4077 Quum
498 4002 561 4082 jam
570 4003 609 4061 ab
622 4002 709 4061 unius
718 4001 922 4062 benevolentia
935 4014 987 4063 aut
995 4003 1106 4064 invidia
1113 4005 1210 4064 omnia
1220 4006 1268 4065 vel

135 4107 332 4187 exspectanda
346 4105 394 4167 vel
407 4105 537 4166 timenda
549 4114 654 4174 essent,
667 4103 700 4163 id
719 4124 819 4163 omnes
834 4105 968 4182 egebant,
982 4115 1025 4177 ut,
1037 4105 1267 4188 quibuscumque

135 4213 226 4272 rebus
238 4222 367 4290 possent,
380 4209 504 4290 gratiam
524 4209 589 4288 ejus
600 4218 825 4286 aucuparentur,
845 4227 941 4288 neque
953 4208 1112 4290 quidquam
1135 4214 1267 4273 commit-

179 4395 279 4446 ¹Tacit
305 4397 394 4445 Annal.
417 4397 438 4445 1.
473 4401 517 4456 15;
543 4394 593 4443 Dio
621 4395 686 4443 cm.
703 4394 809 4457 LVIII,
826 4403 865 4445 20.
885 4395 917 4446 ibi
934 4411 955 4456 γ.
972 4397 1076 4448 Reimar.
1093 4401 1189 4451 Sueten.
1211 4401 1265 4450 Tib.

140 4461 450 4525 3731’ompoo.11,§s.
467 4461 499 4512 D.
514 4459 588 4510 door·
602 4459 655 4514 dur.
