3100 5250
504 446 557 511 nu
578 446 742 515 Juvnu.
768 448 866 515 sur.
889 448 918 513 1.
1231 454 1276 515 ss
1388 398 1396 407 ⁸

119 630 195 677 trum
211 630 242 679 et
254 640 372 680 summa
391 622 534 691 omniurn,
555 642 623 700 quoe
637 632 722 700 poeta
741 623 772 681 in
793 622 971 695 caminibus
991 620 1052 683 suis
1072 621 1169 683 dicere
1188 632 1276 702 etque

119 732 314 801 pertractare
327 724 487 785 constitnit
530 724 899 796 ctcanub.ad1³m.1,
916 732 943 786 1.
1027 723 1173 804 Quidquid
1190 734 1277 805 met

119 831 154 879 et
169 833 307 899 egerunt
320 823 450 893 hominen
469 842 503 883 ea
524 844 579 902 quo
598 834 730 903 tempore
751 823 906 883 Deucalion
920 833 976 883 cet.
989 822 1019 881 b.
1034 842 1058 881 s.
1075 822 1145 885 inde
1158 825 1197 885 ab
1210 824 1277 887 ulti·

119 939 178 979 ma
192 920 358 982 hominum
371 921 514 991 memoria,
538 942 557 981 a
571 942 646 983 reroe
666 935 698 982 et
717 920 847 983 certioris
866 921 996 981 historice
1014 918 1106 979 initiis
1126 940 1222 999 nsque
1239 922 1278 983 sd

120 1018 199 1079 lroeo
222 1030 366 1100 tempora
406 1021 449 1079 ef.
464 1020 548 1099 Virg.
564 1022 618 1081 Ge.
636 1022 660 1091 Ι,
682 1020 718 1081 61
736 1040 796 1099 seq.
839 1019 889 1081 Sic
907 1020 959 1079 inf.
974 1019 1042 1091 XV,
1058 1025 1105 1077 30.
1119 1038 1138 1077 o
1152 1020 1280 1099 Pyrrho.

122 1130 273 1183 81-84,
296 1126 340 1186 Cr‘.
362 1122 453 1184 Ovid.
476 1124 549 1183 Met.
575 1124 600 1194 1,
621 1122 681 1184 260
706 1142 768 1203 seq.
791 1134 823 1183 et
847 1122 954 1203 Heyne
976 1122 1015 1180 ud
1038 1120 1177 1201 Apollod.
1199 1122 1226 1193 1,
1249 1130 1277 1193 7,

128 1232 229 1286 1-3.
309 1226 417 1296 nisibis,
441 1226 594 1315 imbribus,
619 1246 713 1307 equor
735 1225 903 1299 tollentibus,
929 1224 1107 1304 augentibus
1133 1244 1277 1303 uquarum

122 1328 257 1406 oopr'am.
298 1328 426 1408 Navigio
453 1329 530 1400 rudi,
562 1330 643 1409 quod
670 1340 804 1389 auctores
831 1328 929 1389 Groeci
959 1327 1065 1403 κιβωτὸν
1090 1340 1121 1388 et
1146 1331 1276 1410 λάρνακα,

124 1425 248 1501 (Moses
262 1424 340 1485 Gen
354 1427 410 1499 VI,
430 1430 468 1487 14
483 1448 542 1507 seq.
535 1429 654 1535 fflp)
669 1427 798 1488 Ovidius
807 1446 929 1506 paruum
944 1436 1032 1487 ratem
1046 1424 1186 1527 adpellau
1203 1448 1276 1507 qua·

124 1536 190 1595 lis
180 1558 216 1597 m
229 1540 443 1617 Apamensium
456 1509 754 1621 numisurinspicitur,
768 1541 881 1620 dequo
894 1538 1275 1612 vid.Fuloonsrius;1·len·

127 1634 198 1693 nin.
280 1646 402 1709 murm,
423 1638 586 1718 Lycoream
607 1637 746 1700 Parnassi
768 1659 797 1697 v.
813 1638 961 1721 Heyuel.
975 1658 1000 1697 c.
1015 1648 1045 1697 ct
1059 1637 1215 1699 Muncker.
1234 1640 1275 1699 sd

129 1737 253 1816 Hygini
266 1738 323 1799 fab.
342 1747 409 1801 153.
490 1750 587 1815 sorus,
607 1761 745 1821 responsu
758 1740 869 1801 oraculi
881 1739 1030 1820 Delphici,
1052 1741 1142 1820 quod,
1163 1754 1199 1801 ut
1210 1741 1276 1814 alia,

122 1836 462 1899 olimetiamedebatur
481 1840 536 1919 per
554 1839 1205 1919 cortubeperfabasnigrasetcundidss,
1227 1839 1275 1900 rel

125 1939 273 2018 glebulas,
303 1942 352 2001 vel
375 1942 517 2021 pumices,
547 1944 599 2003 sed
621 1942 698 2023 inpr.
723 1962 777 2021 per
803 1954 924 2003 tesseras
945 1964 969 2001 s.
990 1942 1063 2002 talos
1086 1953 1117 2003 et
1138 1942 1274 2014 calculos,

129 2044 261 2125 (nim
285 2044 404 2123 ψήφως,
430 2044 532 2119 κύβους,
558 2048 750 2127 docendum,
776 2046 891 2125 noodr)
913 2044 963 2103 vel
986 2044 1117 2118 ubellm
1141 2046 1275 2107 versibus

130 2144 230 2205 aliisve
249 2148 328 2206 notis
348 2146 512 2227 inscriptus,
532 2167 600 2227 quse
620 2148 651 2207 in
671 2168 777 2208 urnam
797 2168 819 2207 s.
834 2148 951 2209 situlam
971 2148 1213 2228 conjiciebatur,
1234 2168 1273 2209 aa

136 2244 426 2325 qmmducebst
438 2256 518 2305 vetes
529 2266 539 2316 ;
561 2246 599 2305 de
612 2266 671 2325 qus
679 2246 868 2327 κληρομαπιίᾳ
881 2268 904 2305 s.
918 2246 1108 2323 waceio
1119 2268 1150 2306 r.
1164 2237 1274 2309 Potler.

139 2350 286 2409 Archaeol.
305 2351 346 2420 ΙΙ,
363 2350 409 2412 16.
433 2362 464 2411 et
485 2351 641 2430 Spanbem.
656 2352 695 2411 ad
711 2350 827 2419 Gallim.
841 2352 883 2409 H.
898 2350 931 2408 in
944 2350 1044 2427 Apoll.
1058 2358 1107 2409 45.
1150 2351 1274 2416 Oraoslo

134 2450 230 2510 uerius
247 2451 384 2523 dmum,
402 2472 466 2532 quoe
478 2452 674 2514 vaticinatione
676 2450 854 2530 finduntur,
869 2452 917 2509 sed
935 2460 963 2510 et
975 2460 1071 2523 sortes,
1093 2468 1156 2531 pse
1169 2452 1274 2513 ducun-

134 2562 192 2626 tur,
216 2556 277 2615 Cic.
291 2554 328 2614 de
340 2554 400 2613 dir.
417 2556 459 2626 11,
476 2562 536 2617 58.ι
567 2555 691 2615 Rotnani
711 2564 798 2615 sortes
817 2554 1007 2635 appellabant
1026 2556 1138 2634 quaevis
1157 2554 1275 2617 nands

35 2661 37 2664 ’
137 2677 295 2738 corumque
314 2678 461 2738 response,
483 2672 544 2720 tem
566 2681 620 2740 per
641 2671 743 2732 sortes,
767 2679 857 2738 quum
879 2679 930 2718 ore
952 2657 1040 2729 editu,
1063 2661 1202 2739 quonism
1222 2661 1274 2725 illa

137 2764 314 2823 muculornrn
330 2783 440 2842 genera
453 2763 488 2824 iis
502 2763 562 2824 sols
576 2761 636 2823 lere
649 2775 718 2824 nota
733 2774 764 2822 et
777 2763 873 2823 vicina
884 2773 978 2835 erant,
1000 2783 1029 2822 v.
1042 2783 1070 2823 o.
1085 2776 1177 2825 sortes
1191 2765 1271 2826 Pru·

133 2864 259 2932 neunae,
280 2863 443 2922 Antiatinae
455 2873 486 2922 et
498 2862 536 2921 al.
577 2862 636 2922 Sed
650 2861 677 2920 h.
693 2861 713 2920 l.
728 2871 817 2922 sorus
836 2863 924 2922 etiam
946 2863 1068 2941 proprio
1088 2883 1175 2924 sensu
1194 2865 1271 2925 acci·

130 2979 199 3038 pere
218 2961 298 3022 licet.
377 2962 504 3042 poposci!
524 2968 620 3032 sones,
640 2973 675 3021 ut
691 2975 806 3040 potone
825 2958 941 3022 oraculo
960 2981 1009 3040 sp.
1023 2960 1107 3038 Virg.
1121 2961 1188 3020 AEm
1210 2963 1270 3034 ΙΙΙ,

130 3059 197 3119 4⁵6.
209 3071 243 3119 et
257 3060 311 3119 Sil.
326 3061 352 3131 Ι,
370 3067 438 3121 121.
478 3062 617 3120 Ceterum
635 3057 684 3118 alii
704 3058 886 3138 Apollinem,
910 3059 960 3118 alii
980 3057 1166 3127 Themidem‚
1189 3060 1272 3136 (quse

130 3169 195 3236 post
208 3157 361 3218 Tellurem
375 3169 405 3218 et
418 3172 486 3218 unte
499 3157 669 3237 Apollinem
690 3177 829 3238 responsa
851 3157 979 3236 Delphis
1000 3155 1117 3214 dedissa
1129 3155 1271 3237 modim)

109 3327 113 3334 ,
130 3261 177 3320 alii
191 3263 289 3340 ipsum
303 3263 412 3322 Jovem
424 3283 443 3320 s
456 3261 635 3322 Deucalione
649 3261 815 3322 consultum
833 3269 1005 3320 memorant
1018 3277 1049 3319 v.
1063 3259 1218 3318 Muncker.
1231 3257 1271 3319 ad

132 3361 244 3440 Hygin.
260 3362 320 3420 lab
338 3369 405 3421 140.
419 3373 450 3420 et
464 3367 532 3422 158.
612 3361 716 3430 animo,
730 3361 816 3440 cujus
828 3371 965 3418 usturam
983 3357 1070 3416 multi
1090 3357 1160 3416 olim
1173 3359 1270 3436 philo·

135 3457 216 3536 ruphi
236 3459 355 3537 igneam
374 3479 437 3519 esse
456 3461 610 3538 putabant,
634 3459 779 3518 colremnt
798 3457 893 3520 mollio
905 3475 977 3516 suco
986 3477 1001 3522 ,·
1025 3476 1093 3535 quoe
1106 3457 1216 3531 fabule,
1235 3469 1271 3520 nt
1377 3448 1380 3452 μ

139 3555 207 3625 alin,
228 3577 264 3616 ex
286 3558 386 3637 inepta
405 3557 668 3638 etymologiam,
691 3577 786 3637 quum
800 3567 886 3616 vetus
899 3555 1018 3634 quidam
1032 3567 1120 3634 pocus
1132 3558 1214 3624 λαοὺς
1231 3577 1270 3618 ex

143 3661 214 3724 Mus
222 3659 356 3721 duximet.
370 3681 399 3721 v.
415 3661 523 3740 Heyne
536 3661 575 3720 ad
588 3660 725 3740 Apollod.
736 3661 761 3730 Ι,
771 3668 801 3729 7,
815 3667 844 3718 2.
858 3670 888 3718 et
900 3658 1081 3718 Herrmanni
1094 3659 1222 3738 Mytbol.
1232 3660 1270 3718 Τ.

142 3754 184 3813 ΙΙ.
197 3777 226 3833 p.
239 3765 411 3818 tou-84.
432 3758 578 3838 Rigultius
596 3759 627 3818 iu
647 3758 725 3818 Dies
742 3758 781 3817 de
794 3758 854 3818 Sst.
867 3759 975 3820 Juven.
994 3767 1086 3827 notut,
1105 3757 1154 3817 his
1172 3757 1271 3818 verbis

139 3854 281 3916 subtiliter
292 3857 381 3928 innui,
395 3856 481 3916 futile
495 3875 556 3916 esse
569 3875 603 3916 ao
613 3855 837 3935 perabsurdum,
850 3856 931 3934 quod
945 3865 1039 3934 postue
1052 3854 1223 3916 fabulentur
1231 3853 1271 3914 do

137 3957 288 4018 meritare
306 3979 428 4031 morum,
452 3961 491 4020 ob
512 3978 600 4038 quum
622 3957 785 4018 Deucalion
805 3970 835 4018 et
856 3958 970 4037 Pyrrha
991 3959 1097 4019 servati
1117 3958 1176 4016 sint
1195 3967 1270 4018 tam-

135 4081 221 4138 quam
238 4063 368 4142 exempla
382 4063 553 4141 reparandae
573 4061 742 4140 posteritati,
762 4080 861 4141 neque
880 4073 989 4122 uanam
1002 4060 1092 4120 finisse
1114 4059 1269 4139 Pyrrhum,

135 4163 185 4221 sed
196 4165 293 4242 potius
306 4187 425 4244 magum
438 4177 469 4226 et
482 4167 587 4234 lenam,
604 4187 669 4244 quae
684 4165 821 4245 projectis
834 4175 902 4244 post
916 4176 999 4243 terga
1013 4185 1066 4224 sua
1078 4164 1154 4224 saxis
1172 4165 1270 4226 nudas

133 4261 241 4338 puellas
254 4263 391 4334 ediderit,
406 4285 479 4343 quus
492 4265 622 4324 maribus
635 4263 812 4324 conciliaret.
853 4267 896 4324 At
911 4264 1000 4322 Hein.
1015 4269 1034 4301 ‘⁶
1050 4261 1152 4336 Veron,
1162 4263 1269 4344 inquit,

13 4363 14 4376 ¹
133 4357 236 4424 nehoc
250 4367 375 4446 Rigului
396 4379 594 4428 commentum
614 4367 727 4428 venerit
747 4387 800 4446 per
822 4377 936 4446 portum
949 4369 1125 4427 eburneam:
1147 4387 1218 4428 nam
1237 4380 1271 4427 ut

134 4461 179 4521 rel
196 4466 324 4524 maxime
345 4465 499 4526 luvenalis
517 4469 639 4526 obscure
653 4477 734 4526 notet
747 4465 879 4526 homines
892 4466 939 4526 sui
953 4465 1100 4544 temporis,
1121 4475 1219 4527 tamen
1239 4467 1271 4525 in
