3100 5250
474 484 526 549 m
548 484 713 551 iuven.
739 438 839 552 sir.
864 488 890 552 1.
1183 458 1250 551 ‘n

5 650 6 653 ¹
96 679 255 719 venenum
267 682 276 730 ;
297 678 403 738 propr.
422 659 520 719 herbe
541 682 645 740 genus,
667 664 747 742 quod
767 663 852 721 nobis
872 660 982 721 dicitur
1007 659 1181 739 Wolsswtnn,
1204 661 1255 719 Ei·

96 763 271 832 amnis,
293 762 453 833 stomin,
475 762 736 845 Miinclislmppe.⁵⁰
817 764 928 846 ρὶιιπιίι,
953 764 985 823 in
1007 762 1120 833 lectica,
1146 764 1177 822 iu
1199 784 1258 842 qua

97 864 203 923 lectus
217 876 264 924 est
278 884 302 923 s.
317 864 464 942 pulvinus,
486 864 596 941 plumis
616 868 709 927 fartus
722 868 855 946 adeoque
868 864 1064 933 mollissimus,
1087 865 1140 943 qui
1159 865 1258 943 plana

98 962 199 1021 nullis
214 962 329 1021 dicitur
344 961 479 1021 Pertsdio
492 962 531 1021 de
545 963 605 1023 vita
617 966 702 1023 beata
717 986 744 1024 v.
760 964 826 1025 &⁰⁰
909 962 1078 1031 Pensilidus,
1099 960 1131 1019 in
1145 960 1258 1032 lectica,

99 1084 178 1143 que
195 1064 335 1125 sublimis
347 1084 370 1123 ι.
383 1063 506 1123 sublime
519 1065 613 1125 fertur
627 1088 645 1125 a
658 1068 756 1126 servia

154 1165 330 1232 160—170.
352 1164 447 1225 Verba
461 1177 492 1224 et
512 1166 665 1226 consilium
686 1169 885 1228 admonitoris
929 1168 1021 1236 Qum
1033 1165 1120 1226 veniet
1135 1164 1259 1243 Tigelli·

98 1288 170 1327 nus
187 1268 234 1327 vel
249 1266 390 1345 ejusmodi
405 1266 496 1327 homo
509 1276 615 1339 matra,
629 1272 755 1343 obviam,
773 1274 822 1351 (ut
834 1292 881 1350 sp.
896 1268 1021 1329 Martial.
1037 1270 1076 1342 V,
1087 1276 1118 1340 4,
1129 1276 1156 1327 5.
1172 1268 1258 1339 xlv,

5 1360 6 1373 ¹
104 1370 174 1449 62.)
198 1390 335 1449 comperce
349 1368 492 1440 labellum,
513 1390 613 1432 coerce
632 1372 775 1452 linguam,
799 1374 887 1454 digito
907 1374 1004 1433 indice
1023 1393 1047 1432 s.
1062 1371 1189 1440 salutari,
1210 1370 1258 1431 vel

106 1466 224 1545 digitis,
243 1486 344 1534 manu,
367 1465 443 1549 (lrg'
457 1465 504 1524 dic
521 1466 599 1527 lond
611 1470 671 1547 oses
684 1472 737 1529 den
751 1472 857 1546 mand)
878 1471 908 1531 h.
922 1491 947 1530 e.
961 1482 1034 1541 tace,
1054 1482 1089 1529 ut
1108 1489 1147 1528 ne
1166 1468 1260 1547 suspi-

108 1570 159 1630 cio
174 1568 299 1647 quidem
312 1568 399 1627 ullius
413 1568 498 1630 verbi
512 1570 617 1648 prolati
631 1572 662 1631 in
679 1584 708 1632 te
730 1574 833 1635 cadere
852 1570 951 1653 possit
959 1573 984 1613 ⁰¹
997 1610 1040 1623 -
1056 1573 1123 1633 161.
1137 1573 1260 1632 Ascata-

112 1678 162 1726 ιον
183 1666 262 1724 enim
280 1666 342 1734 erit,
364 1676 400 1725 ut
419 1680 571 1727 accusator
590 1670 655 1749 ejus
678 1671 864 1749 gravissimas
878 1691 980 1750 poenas
992 1670 1065 1741 luet,
1089 1669 1138 1750 qui
1149 1669 1260 1728 perdam

111 1769 174 1828 hoc
194 1778 307 1828 tantum
321 1766 446 1825 dicerit:
469 1768 514 1827 liic
527 1773 589 1828 est!
610 1771 671 1830 scil.
685 1772 815 1831 nefarius
827 1772 896 1844 ille3
919 1775 959 1833 Η.
974 1772 1069 1832 Vales.
1112 1772 1171 1831 Sed
1183 1781 1261 1830 recte

112 1892 232 1931 sensum
248 1871 278 1930 h.
293 1870 313 1928 l.
335 1869 448 1949 cepisse
462 1870 580 1931 videtur
601 1872 691 1933 Heln.
713 1873 765 1953 qui
785 1875 850 1935 line
870 1875 1038 1935 adnotavit:
1060 1874 1264 1953 Responderat

112 1966 374 2049 poeta·monitori,
397 1988 429 2027 sc
448 1966 499 2027 vix
519 1969 574 2029 sibi
588 1980 751 2049 temperare
764 1992 859 2051 posse,
884 1973 956 2052 quin
971 1992 1050 2042 eum,
1072 1972 1122 2049 qui
1142 1980 1262 2049 patruos

114 2086 173 2131 tres
187 2092 305 2131 veneno
317 2081 453 2130 necasset
465 2082 494 2130 et
514 2086 611 2133 namen
633 2093 746 2132 summa
766 2095 876 2155 pompe
894 2094 949 2153 per
969 2076 1074 2134 urbem
1096 2072 1262 2141 veheretur,

114 2170 218 2229 acriter
243 2168 427 2228 numinibus
453 2169 672 2247 perstringeret.
715 2170 796 2232 Huic
819 2172 964 2231 monitor:
986 2190 1057 2230 cave
1077 2170 1184 2241 sacias3
1204 2188 1264 2229 non

117 2272 208 2331 modo
221 2274 337 2331 anunm
351 2272 383 2330 in
397 2290 467 2330 eum
483 2290 520 2330 ne
535 2272 652 2343 scribas,
669 2272 720 2331 sed
735 2272 759 2331 si
773 2273 828 2332 tibi
844 2275 920 2331 forte
933 2284 1076 2343 oceumt,
1089 2292 1128 2331 ne
1141 2274 1265 2331 verbum

119 2370 247 2447 quidem
269 2370 404 2447 proferas,
430 2369 510 2447 quod
530 2389 598 2428 eum
624 2369 771 2428 offendere
794 2368 897 2446 possit,
920 2366 1099 2426 nemetiam
1117 2376 1266 2425 accusator

118 2466 180 2525 erit
192 2464 258 2524 scil.
273 2465 334 2543 ejus
346 2466 389 2525 rel
401 2466 436 2536 ei,
452 2469 534 2545 (quas
547 2476 615 2525 ante
630 2466 679 2545 qni
693 2464 852 2543 sepissime
863 2462 1112 2541 subintelligenda
1122 2481 1194 2531 esse,
1214 2461 1266 2519 do-

119 2580 192 2629 cent
214 2568 309 2628 Gron.
329 2566 364 2628 ad
387 2568 453 2629 Liv.
475 2568 597 2642 xxm,
622 2576 669 2628 1⁵.
690 2566 791 2628 Duck.
806 2567 844 2627 ad
862 2566 943 2627 Flor.
958 2564 983 2636 l,
1000 2568 1026 2623 1.
1052 2566 1131 2627 cort
1144 2564 1183 2623 ad
1198 2563 1266 2623 Sall.

121 2675 189 2733 Cat.
210 2672 299 2741 Xlll,
313 2679 340 2730 2.
366 2683 396 2731 et
417 2672 454 2730 ad
476 2673 536 2732 Cic.
558 2671 616 2750 Ep.
633 2672 671 2730 ad
685 2669 744 2729 div.
763 2671 823 2741 111,
839 2668 867 2740 6,
883 2672 926 2748 7.)
949 2669 968 2726 i.
982 2687 1007 2726 e.
1027 2667 1266 2740 accumbiteum,

122 2774 175 2850 qui
188 2771 391 2831 tantummodo
405 2771 470 2830 haec
483 2770 610 2850 paucula
623 2771 747 2830 dixerit:
770 2769 817 2827 tic
830 2777 870 2829 est
885 2787 924 2828 sc
934 2766 985 2832 ille
999 2765 1155 2827 sceleratus
1169 2768 1265 2828 homo.

119 2875 269 2934 Sententia
283 2875 386 2952 itaque
400 2885 461 2932 est:
485 2875 553 2932 Non
567 2873 671 2944 solum,
693 2873 717 2932 si
732 2873 849 2932 satiram
869 2871 1028 2950 scripseris,
1049 2871 1189 2930 maximas
1201 2893 1266 2950 pm·

117 2999 168 3036 nas
189 2977 287 3046 dabis,
310 2977 364 3036 sed
385 2975 409 3035 ai
430 2975 488 3046 vel,
513 2975 564 3036 ubi
586 2975 634 3034 ille
654 2974 709 3035 tibi
726 2976 863 3044 occurrit,
882 2974 965 3033 elteri
988 2973 1085 3032 dicas:
1108 2973 1206 3032 diceet
1219 2972 1269 3031 ille

118 3073 286 3134 sceleratus.
332 3074 431 3132 Verba
446 3085 543 3132 autem
558 3072 604 3131 liic
615 3081 656 3131 ert
671 3091 739 3132 cum
757 3083 926 3150 contemptu
948 3067 1171 3149 pronuncianda
1191 3077 1268 3134 sunt,

117 3179 205 3258 plane
220 3191 255 3236 ut
268 3197 342 3236 nos:
365 3177 419 3235 dos
433 3178 469 3234 itt
483 3177 542 3245 der,
565 3175 616 3234 ubi
636 3195 673 3234 ex
694 3173 895 3233 modulatione
908 3171 990 3232 vocis
1003 3168 1186 3247 intelligitur,
1207 3169 1270 3227 lau·

118 3277 225 3335 demne
247 3289 278 3334 et
300 3273 523 3334 admirationem
544 3271 664 3342 indicet,
692 3291 729 3330 an
743 3269 1018 3348 vituperationem.”
1059 3266 1198 3328 Similiter
1207 3267 1271 3346 jam

120 3374 268 3432 Becltius:
296 3381 317 3409 ‘⁸
331 3369 514 3431 Acclamatio
528 3369 574 3428 lic
590 3377 630 3428 ert
643 3367 720 3428 mulo
734 3367 863 3446 quodam
876 3372 1071 3442 pretereunte
1084 3363 1108 3423 si
1121 3363 1268 3435 audiatur,

87 3488 95 3503 ·
124 3493 190 3534 reus
201 3495 273 3534 mox
288 3473 445 3534 calumniae
458 3473 515 3533 eris
529 3483 560 3532 et
579 3472 695 3552 injurie
708 3469 816 3528 illstae:
843 3485 933 3545 quam
945 3463 1137 3526 calamitatem
1149 3476 1186 3525 ut
1198 3468 1268 3526 sub-

128 3578 277 3655 terfugias,
305 3577 413 3636 melius
440 3587 485 3635 est
513 3586 617 3642 tacere,
640 3565 738 3652 'quam
772 3569 898 3630 dicendo
931 3569 1108 3647 supplicium
1137 3570 1270 3630 mereri.”

132 3679 311 3759 Grangeus:
336 3689 356 3717 ‘¹
370 3677 431 3740 Hic
444 3687 484 3738 ert
500 3680 533 3738 fit
546 3697 600 3758 per
612 3673 899 3746 demonstrationem,
922 3693 989 3750 que
1002 3683 1054 3732 sut
1066 3672 1146 3733 laudi
1160 3685 1212 3734 aut
1225 3675 1269 3733 vi-

166 3907 220 3954 ”n
233 3907 306 3968 intpp.
320 3907 391 3956 ovid.
408 3907 470 3958 Met.
484 3905 685 3964 V11,419.Pltn.
720 3919 758 3951 res
777 3903 911 3962 salutarent,
933 3901 1045 3966 quodque
1069 3899 1199 3954 silentium,
1216 3915 1271 3962 quar

131 3973 183 4030 Vl,
206 3977 228 4020 1.
254 3973 372 4032 1111111,
392 3979 415 4021 9.
437 3983 463 4022 et
479 3979 502 4021 8.
527 3972 639 4022 Eustath.
658 3969 690 4018 ad
721 3985 758 4017 res
773 3969 878 4017 maxime
893 3967 1055 4022 ulutsrisert,
1074 3963 1271 4030 (Deoipdicere-

128 4039 240 4100 Dionys.
262 4037 351 4102 Perieg.
367 4055 390 4086 r.
407 4043 464 4088 791.
484 4047 509 4087 et
526 4037 560 4085 ill.
580 4037 642 4084 Voss
659 4035 689 4084 ad
721 4044 778 4094 tur3
802 4033 867 4083 unde
885 4045 910 4082 ct
928 4032 1065 4081 Martianus
1088 4028 1187 4090 Capella
1202 4032 1271 4092 digito

127 4101 201 4165 l'irg.
219 4103 265 4151 Ge.
280 4103 317 4158 11,
332 4109 388 4153 152.
722 4103 822 4149 solutori
839 4101 959 4149 silentium
974 4111 1115 4145 mmmmm
1134 4092 1208 4141 dixit:
1227 4110 1272 4143 nec

158 4170 180 4197 ²
191 4170 231 4217 Cf.
247 4168 293 4225 VI,
311 4174 350 4216 88.
370 4169 405 4228 X,
417 4173 474 4217 ³62.
495 4165 601 4216 Martial.
622 4165 689 4224 1111,
722 4165 793 4214 aliam
805 4167 836 4212 on
847 4179 943 4212 muman
961 4159 1071 4225 AEgyptii
1089 4158 1271 4221 Harpocratem,

128 4239 168 4290 17,
180 4233 204 4281 a·
220 4233 295 4290 xlv,
310 4239 368 4292 146,
381 4239 404 4282 2.
426 4233 492 4282 Plin.
507 4231 611 4292 1111111,
624 4237 647 4280 8.
665 4241 689 4280 et
720 4241 763 4279 aut
783 4229 889 4278 Romani
908 4227 1071 4290 sagonnam,
1094 4224 1162 4272 Deos
1177 4223 1271 4281 silentii,

127 4299 196 4358 Lipa.
211 4299 291 4346 Elea
306 4299 331 4354 l,
347 4305 386 4348 19.
720 4295 799 4357 digito
809 4309 852 4342 orn
861 4292 1017 4354 comprimere
1028 4289 1162 4349 finxerunt,
1182 4289 1273 4352 Grang-

154 4365 309 4426 ⁸¹-cosspesce
326 4367 449 4422 labellum,
460 4364 597 4425 comprime,
609 4377 690 4412 coerce
723 4361 763 4410 Cf.
779 4359 865 4423 Scalig.
886 4359 954 4406 Lcct
970 4358 1062 4403 Aaron
1076 4355 1098 4414 1,
1111 4361 1149 4406 29.
1164 4354 1269 4404 Turucb.

126 4429 245 4492 linguam,
266 4433 339 4492 digito
361 4429 448 4488 indice,
469 4431 510 4492 qui
530 4429 577 4476 alio
593 4428 690 4476 nomine
721 4426 751 4473 ad
771 4425 840 4472 Varr.
862 4423 891 4471 L.
906 4423 937 4470 1..
951 4421 992 4470 lit.
1007 4420 1039 4467 V.
1056 4431 1081 4470 et
1098 4420 1227 4485 Augtntin.
1242 4419 1273 4466 dc

128 4497 241 4544 utereris
252 4493 353 4554 dicitur,
371 4495 436 4558 quod
453 4509 482 4543 eo
502 4503 611 4556 protenso
627 4503 689 4540 rete-
722 4491 764 4538 clv.
780 4490 826 4538 Dei
840 4488 948 4545 1111111,
960 4493 984 4536 5.
