3100 5250
381 432 432 495 IN
452 431 615 499 JUVEN.
642 435 740 501 SAT.
770 436 868 501 XIII.
1132 438 1196 498 521

87 599 294 681 finnusuisre.
315 634 357 650 -
376 604 545 678 Monstrum,
569 608 685 668 insolito
706 610 824 689 speeies.
850 626 880 668 v.
903 607 941 667 ud
967 606 1010 676 II,
1026 615 1107 669 Χ122.
1131 616 1198 667 123.

91 707 157 763 Poeta
176 714 272 761 sutem
291 704 381 782 poulo
399 708 540 785 prolixior
558 711 587 769 h.
602 711 622 768 l.
636 710 730 771 videri
743 722 841 790 potest
860 711 891 770 ln
911 708 1095 769 recensendis
1109 710 1198 769 variis

88 799 199 870 mitit,
212 802 343 872 ostenda,
364 806 506 884 prodigiis
520 809 721 886 portentisque
734 829 763 867 v.
778 808 907 875 65-70.
948 806 995 865 De
1009 807 1115 867 horum
1129 808 1199 866 olio·

87 923 187 981 nmque
197 905 357 981 generibus
368 928 403 966 nc
416 909 511 969 oensis
524 930 553 968 v.
569 910 678 990 Heyne
692 910 805 990 Opuse.
818 910 957 971 Aendem.
974 910 1009 968 T.
1025 910 1084 969 111.
1098 930 1127 989 p.
1142 917 1197 980 198

85 1006 171 1057 -218
184 1010 212 1057 et
224 1006 398 1069 255-214.
481 1006 622 1067 bimembri
631 1026 729 1087 puero,
746 1007 877 1087 duplicia
889 1006 937 1066 vel
950 1007 1076 1067 hominis
1088 1007 1198 1066 enimn·

84 1096 159 1174 lisque
174 1100 307 1159 membre
325 1100 456 1175 habenti,
476 1105 574 1182 partui
593 1116 765 1167 monstroso.
807 1107 852 1165 Cf.
866 1106 932 1166 Liv.
954 1106 1083 1179 XXVII,
1107 1115 1152 1165 11.
1169 1118 1199 1166 et

85 1195 211 1263 111126.
237 1197 346 1277 Heyne
365 1200 385 1257 l.
406 1200 425 1258 l.
445 1223 476 1282 p.
497 1212 567 1271 271.
587 1213 657 1271 272.
748 1206 880 1266 Piscibus
893 1206 1010 1265 inuentis
1023 1206 1073 1264 sub
1087 1205 1202 1265 miranti

84 1296 114 1371 (s.
127 1294 186 1355 Vsr.
198 1296 298 1377 laet.)
320 1308 420 1359 orotro
438 1313 546 1362 terrem
566 1304 725 1364 scindente.
766 1294 851 1365 Conf.
866 1305 932 1364 Liv.
946 1305 1048 1375 XLII,
1064 1312 1091 1363 2.
1107 1304 1201 1363 Strab.

84 1397 137 1455 XII
155 1396 230 1459 Plin.
253 1400 308 1471 IX,
322 1409 370 1468 57.
390 1422 413 1462 s.
435 1409 483 1463 83.
503 1406 605 1485 ibique
618 1406 714 1466 Hasd.
728 1440 770 1455 -
784 1407 832 1468 66.
847 1407 938 1467 Mun
947 1406 1022 1485 fetu
1035 1406 1202 1485 exemplum

83 1497 242 1558 rarissimum
259 1499 388 1578 quidem,
411 1504 505 1579 (unde
518 1515 549 1565 et
561 1506 710 1584 proverbii
723 1506 788 1566 loeo
804 1507 957 1569 dicebatur
971 1528 1054 1586 quum
1067 1505 1143 1564 merla
1153 1526 1203 1584 po·

80 1597 175 1672 puerit,
190 1618 217 1657 n.
233 1619 258 1657 c.
274 1599 353 1658 Suet.
369 1601 456 1662 Galb.
470 1622 495 1665 c.
511 1607 555 1683 4.)
577 1606 629 1664 sed
648 1625 708 1665 non
727 1605 848 1667 omnino
859 1604 1038 1683 negandum.
1051 1604 1074 1642 ¹⁴
1094 1634 1135 1649 --
1156 1602 1203 1669 67.
1240 1622 1243 1631 ·

81 1696 184 1776 Lapidei
206 1700 304 1759 imbris
325 1704 428 1763 crebre
451 1706 485 1765 fit
507 1707 619 1765 mentio
639 1728 688 1784 op.
707 1708 837 1777 Livium,
861 1728 889 1766 v.
912 1727 937 1766 c.
959 1706 985 1779 I,
1007 1713 1054 1765 31.
1071 1705 1141 1774 VII,
1154 1710 1204 1763 28.

80 1798 150 1872 XXI,
162 1800 211 1862 62.
234 1803 338 1875 XXII,
353 1804 401 1864 ³6.
425 1806 547 1878 XXIII,
562 1815 610 1865 31.
630 1808 729 1876 XXV,
744 1817 772 1874 7.
789 1808 826 1865 al.
882 1809 966 1867 Conf.
991 1808 1064 1868 Plin.
1088 1807 1130 1877 II,
1155 1814 1203 1865 58.
1239 1833 1244 1846 ·

80 1901 175 1972 XXXI,
193 1910 219 1965 1.
234 1915 264 1964 et
277 1906 315 1963 de
328 1924 415 1965 cause
426 1906 517 1985 hujus
529 1906 668 1984 prodigii,
682 1926 701 1965 s
714 1909 849 1967 violentis
863 1910 957 1967 ventis
970 1898 1137 1987 repetebde,
1152 1908 1205 1987 qui

79 2000 176 2079 lapides
193 2004 226 2061 in
239 2003 332 2063 ultum
346 2003 475 2063 sublatos
487 2004 595 2063 iterum
609 2005 640 2062 in
653 2015 761 2064 terrem
784 2006 845 2082 (vel
859 2006 896 2065 de
909 2007 1057 2067 montibus
1072 2010 1204 2086 quoque)
1233 2053 1251 2079 ,

78 2102 235 2180 dejecerint,
250 2104 358 2181 Heyne
370 2104 391 2161 1.
405 2105 426 2163 l.
438 2126 469 2182 p.
482 2112 551 2165 212.
565 2113 634 2164 218.
649 2140 690 2152 -
703 2104 752 2164 68.
769 2106 897 2165 Examen
910 2126 993 2184 opum
1008 2106 1039 2165 in
1052 2108 1207 2184 pendentis

78 2224 123 2263 suo
145 2204 276 2282 speeiem
297 2203 424 2285 (boveniis
445 2206 535 2265 Hom.
551 2205 588 2265 ll.
603 2206 645 2277 11,
660 2208 724 2284 89.)
746 2204 890 2265 considens
913 2205 943 2265 in
964 2206 1081 2265 eulmine
1101 2207 1208 2266 delubri

78 2302 241 2379 domusque,
257 2302 303 2363 vel
313 2301 346 2361 in
357 2305 471 2374 arbore,
485 2305 559 2377 foro,
573 2288 675 2365 nestris
688 2303 840 2382 signisque
851 2303 1036 2375 militaribus,
1057 2305 1163 2383 sepius
1176 2306 1208 2363 in

79 2404 130 2463 dira
147 2404 278 2465 refertur
297 2407 404 2467 ominu-
445 2408 531 2470 Cont'.
545 2406 640 2487 intpp
655 2406 707 2466 Sil.
721 2406 812 2476 VIII,
828 2404 888 2465 683
902 2426 962 2484 seq.
984 2406 1066 2485 Virg.
1083 2407 1138 2465 Ge.
1152 2408 1206 2477 IV,

81 2513 127 2565 554
140 2528 201 2587 seq.
217 2518 247 2566 et
261 2508 330 2568 AEn
345 2508 419 2579 VII,
434 2508 475 2569 64
487 2530 546 2590 seq.
567 2508 714 2567 Haeduin.
725 2507 773 2567 'nd
795 2508 868 2566 Plin.
883 2507 940 2578 XI,
957 2516 1005 2574 17.
1018 2519 1048 2567 et
1062 2508 1155 2567 Drak.
1170 2509 1208 2567 ad

80 2605 135 2664 Iis.
144 2606 197 2678 IV,
214 2612 261 2667 38.
275 2606 370 2687 opium
384 2629 439 2688 pro
451 2629 544 2689 opun.
554 2608 578 2646 ¹⁶
591 2643 632 2657 -
645 2605 693 2676 69.
709 2612 758 2673 70.
771 2605 874 2667 Amnes
886 2606 993 2686 possim
1007 2618 1207 2668 memorantur

73 2707 181 2784 siurim
192 2710 356 2789 gurgitibus
367 2711 456 2782 miris,
471 2709 655 2790 portentosis,
675 2710 706 2768 h.
719 2729 745 2770 e.
760 2709 937 2788 sanguineis,
960 2709 1011 2786 (cf.
1026 2710 1094 2768 Var.
1109 2709 1206 2789 Lect.)

79 2817 125 2865 sut
137 2807 233 2867 sortire
245 2807 337 2880 luctu,
350 2810 434 2891 aquis
446 2808 507 2869 scil.
520 2830 539 2868 n
551 2808 606 2868 soli
620 2808 743 2868 eretnoei
756 2819 808 2868 sut
820 2807 969 2886 argillseei
982 2818 1033 2866 out
1045 2806 1208 2886 ferruginei

82 2911 243 2987 contagione
256 2911 469 2972 albescentibus
486 2921 539 2971 sot
556 2910 788 2982 rubescentibus,
810 2921 862 2970 snt
881 2909 1121 2987 nigrescentibus.
1163 2909 1209 2967 cf.

82 3011 176 3091 lleyne
190 3013 304 3094 Opusc.
326 3014 419 3076 Aoed.
434 3015 470 3072 Τ.
487 3013 545 3072 III.
559 3035 591 3094 p.
605 3013 674 3074 265.
688 3011 755 3074 266.
778 3013 844 3073 Liv.
860 3010 964 3080 XXII,
983 3020 1008 3070 1.
1030 3010 1145 3080 XXIV,
1164 3018 1208 3069 10.

83 3121 121 3170 u.
142 3115 259 3189 XXVI,
280 3125 328 3176 23.
350 3115 495 3187 XXXIV,
517 3123 565 3176 45.
588 3115 663 3174 Plin.
685 3115 728 3185 11,
750 3114 797 3174 56.
884 3113 1049 3193 Gurgitibus
1066 3127 1096 3172 et
1109 3111 1210 3171 vortice

82 3229 146 3293 poet
158 3240 213 3299 pro
227 3222 319 3300 aquis
363 3221 527 3299 Grengoeus
537 3219 666 3299 gurgites
683 3219 767 3277 miror
786 3218 931 3277 referebat
950 3216 988 3274 nd
1008 3215 1127 3274 nimiam
1150 3215 1209 3274 vim

84 3337 221 3396 aquarum,
238 3343 304 3401 quae
317 3323 489 3402 religionem
503 3321 612 3383 lecerit

116 3427 147 3483 'll
163 3441 224 3500 seq.
247 3421 546 3482 Insortoniumtoum
564 3437 662 3500 neque
681 3417 809 3478 insolens
833 3427 877 3477 est
901 3417 992 3496 impio
1013 3418 1069 3478 hoc
1092 3418 1208 3489 soeculo,

83 3536 166 3598 nme
177 3542 332 3602 magnum,
353 3526 378 3583 si
391 3536 577 3604 comparetur
590 3543 658 3583 eum
678 3521 723 3590 iis,
745 3541 811 3598 quae
824 3519 901 3598 possi
915 3530 984 3581 sunt
997 3519 1053 3578 elii.
1092 3519 1210 3578 'Anaua

83 3619 128 3698 γὰρ
139 3623 172 3678 sd
183 3621 278 3703 μείζον’
291 3622 309 3689 ἢ
321 3621 421 3681 siusnbi
433 3643 471 3690 su
483 3620 645 3701 Ἀουχῆματ·
660 3618 753 3688 ἄλλοις
766 3609 876 3698 ysyisbr’
893 3616 1041 3700 ἐννοούμενος,
1064 3620 1120 3684 Τὰς
1134 3620 1211 3684 αὐτὸς

85 3721 151 3780 αὑτοῦ
173 3727 302 3805 συμφορὰς
324 3727 382 3806 ῥᾷον
405 3725 476 3805 gigo,
506 3723 653 3783 Timocles
679 3742 726 3800 ep.
753 3720 860 3779 Athen.
887 3721 941 3792 VI,
966 3727 991 3778 1.
1014 3722 1072 3799 (2.)
1092 3741 1123 3797 p.
1141 3727 1209 3779 223.

77 3818 176 3894 froude
197 3827 348 3906 sacrilego,
373 3827 518 3895 scelerata,
543 3826 685 3903 improba,
708 3835 777 3902 quse
800 3821 860 3882 scil.
886 3823 1008 3902 perfidis
1028 3833 1058 3882 et
1080 3821 1211 3901 perjurio

85 3921 159 3980 eniel
173 3925 272 3986 behet.
284 3958 326 3974 -
340 3933 388 3996 73.
403 3943 520 3995 arnono,
540 3923 572 3982 b.
585 3941 610 3982 e.
625 3921 756 3982 sestertio
774 3939 880 3980 brenno
900 3941 922 3982 s.
942 3933 1052 3982 secreto
1065 3921 1146 3999 opud
1159 3919 1211 3979 nli·
1333 3989 1338 3994 ,

113 4149 212 4204 “Confi
232 4154 287 4204 Lis.
309 4149 461 4210 XXXVII,
479 4157 503 4200 3.
527 4149 627 4200 Aristot.
660 4149 729 4200 dena
747 4153 817 4200 1768.
840 4155 862 4198 8.
893 4159 917 4198 et
936 4151 1047 4200 Borhnrt.
1070 4149 1166 4199 Hieros.
1190 4151 1212 4207 1,
1297 4205 1302 4216 .

88 4216 152 4267 nin.
168 4219 216 4280 VI,
227 4224 267 4270 2⁴.
287 4220 355 4269 Plus.
365 4219 426 4282 plne
445 4217 530 4278 philon.
545 4217 576 4274 V,
590 4222 627 4266 1⁴.
662 4222 685 4274 2,
698 4222 738 4263 uo.

89 4277 200 4333 lluduin
216 4285 373 4337 nul-Plinium
386 4283 468 4342 VIII,
487 4289 526 4331 44.
548 4298 567 4330 s.
589 4288 629 4331 69.
696 4279 746 4328 ¹⁵v.
760 4279 791 4328 ed
809 4281 851 4332 sil.
871 4281 892 4330 1.
911 4297 931 4331 c.
950 4289 975 4330 et
995 4281 1091 4332 Ernesti
1105 4281 1136 4331 sd
1154 4281 1210 4330 Tse.

89 4341 227 4406 tpuhnnni
243 4350 361 4401 Memoris
376 4347 546 4413 reperimuli.
572 4346 630 4396 bio-
666 4347 733 4396 Ann.
748 4345 817 4408 XII,
830 4353 868 4398 64.

609 4510 690 4562 1118
