3100 5250
429 512 479 579 IN
502 514 665 581 IUVEN.
691 518 789 583 SAT.
814 520 871 583 VI.
1152 526 1214 583 268

56 706 97 761 7·
108 686 230 749 sanas
243 688 349 751 troam
371 684 463 769 step,
476 688 521 746 ’ro
534 694 589 753 rsa
604 682 717 764 asparso.
761 689 850 749 Pacu
872 708 950 759 vero,
964 689 1101 751 mulieres
1114 692 1207 753 inec·

57 798 118 843 tans
132 785 293 859 literatos,
306 789 443 848 feminam
457 789 541 858 forts,
562 790 659 849 nescio
678 810 777 869 quam,
797 802 870 850 tuno
889 791 1029 869 temporis
1049 791 1206 863 virentem,

55 894 116 941 tcto
131 883 167 941 h.
183 884 210 943 l.
227 886 302 945 inde
315 906 373 945 av.
386 885 452 946 4³6.
466 889 601 967 respexit.
643 888 736 947 Vetus
750 885 847 946 Schol-
866 887 905 946 ad
925 906 953 944 r.
975 892 1045 945 434.
1086 896 1106 924 “
1119 886 1207 947 Stati·

55 979 124 1039 liam
141 982 350 1043 Messalinam
362 986 522 1053 insactatur,
547 1006 624 1066 qum,
644 996 711 1065 post
735 996 862 1065 quatuor
885 982 1068 1045 matrimonia
1091 982 1209 1045 divmso

55 1080 144 1139 exitu
161 1083 281 1154 soluta,
293 1096 435 1164 pomrcmo
450 1086 559 1145 Neroni
573 1086 689 1164 nupsit:
709 1096 778 1165 post
788 1104 880 1163 quom
902 1084 1088 1143 interemtum
1101 1092 1133 1141 ct
1144 1081 1208 1160 opi·

54 1185 114 1242 bus
131 1196 169 1243 et
184 1186 287 1246 forma
297 1200 327 1247 ct
339 1188 456 1268 iigenio
468 1187 629 1266 plurimum
643 1188 738 1265 viguit
751 1198 783 1247 et
795 1196 958 1247 consectata
977 1195 1022 1267 ost
1042 1204 1128 1244 usum
1137 1184 1208 1245 clo‘·

55 1288 198 1363 quentiae
228 1310 320 1368 usque
348 1291 386 1348 ad
417 1290 547 1350 studIum
577 1289 787 1350 declamandi.'¹
816 1312 820 1319 ·
840 1288 993 1367 Ingeniosa
1021 1286 1206 1347 chuinius:

59 1398 77 1423 ‘⁸
91 1388 245 1467 Suspicor
265 1410 320 1470 per
339 1404 525 1453 transennam
545 1394 639 1453 notari
659 1394 688 1452 h.
713 1393 732 1451 l.
756 1390 926 1472 Sulpiciam,
950 1390 1051 1453 Caleni
1075 1410 1206 1464 uxorem,

58 1479 207 1549 feminam
221 1491 433 1565 doctissimam,
447 1514 514 1571 qua·
526 1504 557 1553 ct
569 1492 633 1573 ip'sa
645 1493 683 1551 ad
699 1492 808 1553 Satiras
826 1490 955 1559 accurit,
978 1491 1057 1550 unde
1075 1491 1206 1551 ,luvana-

62 1590 111 1661 lis,
126 1593 251 1653 invidio
264 1606 355 1653 oestro
376 1594 452 1654 forto
472 1614 625 1674 percussus
645 1594 873 1674 indignatusque
891 1593 1032 1653 feminam
1051 1595 1083 1652 in
1106 1594 1207 1674 glorior

28 1684 33 1691 ’
63 1704 185 1767 partem
200 1694 320 1763 rasisse,
336 1694 436 1754 stilum
449 1694 481 1752 in
495 1694 615 1753 feminas
629 1693 756 1755 literatus
777 1694 948 1772 genoratim,
962 1693 1015 1753 scd
1034 1694 1155 1773 obliquo
1173 1696 1206 1754 in

65 1788 230 1867 Sulpiciam
250 1791 339 1851 oculo
362 1792 486 1851 strinxit
539 1792 606 1873 Ipsa
626 1794 753 1853 latetur.-
784 1792 936 1872 Primoque
961 1792 1104 1851 Romanor
1125 1792 1206 1852 domii

63 1894 229 1953 contendere
245 1895 367 1961 Graii&
383 1910 412 1957 et
426 1897 456 1954 in
471 1896 582 1956 satirica
594 1896 645 1956 illa
658 1895 777 1977 quarela
789 1897 827 1956 de
847 1895 955 1955 exactis
967 1894 1059 1968 ⁴Urba
1079 1894 1195 1974 philoso

65 1994 131 2071 phis
145 2016 218 2056 sane
230 2018 292 2057 nou
306 2018 390 2058 aarum
404 2006 511 2057 curtum
525 2018 645 2058 romolae
659 2006 748 2058 rotato
761 1998 939 2076 satlryrnema,
961 2016 1022 2056 non
1041 2016 1101 2056 una
1120 1998 1204 2059 hirto-

66 2092 121 2151 rio.
165 2098 258 2165 Quod
271 2111 368 2157 autem
383 2099 549 2159 Polorrtonit
561 2109 647 2157 artem
661 2098 782 2168 υοὶυενίἱ,
796 2098 860 2177 ipsa
871 2098 990 2165 fatetur,
1004 2116 1097 2174 quum
1110 2098 1142 2156 iu
1154 2099 1205 2159 illa

66 2196 167 2255 Satira
179 2200 223 2257 ait
236 2201 290 2258 uni
303 2200 363 2259 Iuro
384 2202 469 2259 multu
490 2201 576 2259 millia
597 2202 800 2269 Plroloeccrum,
823 2199 1017 2267 Iombicorurm
1041 2200 1205 2261 Scamnum

66 2307 126 2356 oct.
143 2308 254 2357 utnon
268 2299 407 2360 immerito
420 2300 601 2379 loquacitatis
614 2322 632 2361 a
646 2302 753 2360 Nostro
767 2320 795 2358 v.
810 2306 868 2359 438
884 2319 944 2378 scq-
958 2310 1091 2361 assumta
1112 2299 1205 2359 videri

65 2400 172 2477 possit.
202 2402 289 2469 Quod
301 2402 460 2481 oadquorio
472 2404 569 2473 fucrit,
585 2414 614 2462 et
627 2422 661 2462 es
675 2404 737 2481 ipsa
753 2403 846 2462 Satira
860 2401 971 2461 dcccv
984 2434 1027 2449 -··
1047 2408 1116 2462 448·
1137 2401 1204 2461 Noa

66 2502 168 2561 lubeat
180 2504 293 2563 ᾰὶεεηόἑ
302 2500 392 2585 graus
404 2517 580 2579 accuratum,
594 2505 633 2564 ad
646 2504 798 2567 rhetoricas
811 2504 1071 2583 grammaticosque
1088 2505 1206 2583 regulas

66 2614 222 2676 exacuam
245 2604 296 2682 (cf.
313 2625 340 2664 v.
356 2607 439 2685 453.)
453 2604 500 2665 vel
515 2625 568 2665 uon
580 2604 680 2666 tabeat
692 2604 722 2664 h.
736 2626 762 2665 a.
775 2622 836 2664 non
849 2614 949 2665 noscat
960 2602 1076 2664 diversa
1094 2602 1205 2666 dicendi

65 2703 309 2779 generatorium
322 2725 358 2764 ac
378 2724 502 2784 pravum
521 2703 568 2764 vcl
589 2705 722 2774 sublime,
743 2703 890 2764 mediocre
912 2714 943 2763 et
964 2715 1061 2774 tenue,
1083 2705 1202 2786 rcl‘dc·

66 2808 301 2878 monstrativum,
325 2805 549 2868 deliberativum
576 2819 606 2867 et
628 2807 778 2886 juditiale,
803 2807 850 2866 vel
877 2806 1004 2891 deniquo
1028 2808 1201 2880 Asiaticum,
1298 2859 1301 2864 .

68 2903 225 2978 Rhodium,
239 2905 374 2970 Atticum
389 2924 418 2970 et
433 2911 618 2980 laconicum,
633 2930 700 2988 quae
713 2911 745 2969 in
756 2908 864 2967 libellis
876 2907 1027 2968 rhetoricis
1034 2927 1203 2969 memorau-

77 3027 118 3065 ur.
132 3045 173 3060 -
194 3017 266 3079 449.
281 3018 332 3068 out
345 3018 452 3068 curtum
466 3011 519 3068 cet'
530 3009 560 3066 h.
575 3029 599 3066 e.
614 3019 665 3068 aut
679 3007 847 3066 Dialecticar
853 3007 924 3066 artis
933 3006 1028 3085 perita
1034 3006 1079 3069 sit.
1141 3007 1203 3066 Ea·

68 3110 207 3188 tipum,
222 3109 371 3182 ἐνθύμημα,
386 3111 502 3190 propria
516 3110 652 3188 qualibet
672 3110 818 3188 cogitatio,
838 3121 869 3169 et
889 3109 996 3168 deinde
1017 3107 1165 3169 conclusio
1185 3130 1202 3169 c

68 3215 211 3275 sententiis
225 3214 390 3283 contrariis,
405 3213 452 3272 vel
465 3215 559 3272 forma
571 3212 741 3291 syllogismi,
763 3213 815 3291 qui
834 3212 985 3273 Aristoteli
1004 3212 1202 3284 μηλήμιατκ

67 3313 181 3386 dicitur,
195 3317 226 3374 in
240 3337 303 3395 quo
316 3335 376 3374 una
390 3315 604 3394 promissarum
617 3313 850 3393 propositionum
864 3314 957 3384 (locst,
977 3333 1068 3392 quam
1087 3314 1201 3386 offusio·

66 3434 125 3480 μω,
140 3412 244 3490 cogito,
258 3413 289 3470 h.
304 3433 330 3471 e.
344 3413 376 3470 in
390 3423 487 3472 mente
500 3409 618 3470 retineo.
629 3409 666 3448 ¹³⁰
709 3408 824 3468 Currum
848 3421 976 3481 vocatur,
998 3410 1142 3487 quoniam
1156 3421 1200 3472 est

66 3513 218 3572 decurtata
230 3525 259 3572 et
271 3525 375 3573 nuncu
388 3513 521 3592 quaedam
535 3511 758 3590 argumentandi
771 3511 853 3570 ratio.
885 3511 929 3568 ct
946 3511 1048 3571 Heius.
1061 3513 1100 3574 ad
1109 3513 1199 3576 Ovid.

66 3613 148 3674 Fast
166 3615 209 3684 ll,
224 3622 288 3674 408.
327 3614 559 3676 Verbasermona
577 3623 667 3674 rotato
686 3624 820 3693 spectum
838 3613 877 3674 sd
896 3615 1053 3674 rotundam
1072 3617 1199 3678 brevita-

64 3725 126 3774 tem
137 3717 368 3795 propositionum
382 3718 429 3778 vel
444 3718 649 3778 sententiarum
663 3715 817 3794 omnisque
830 3717 1033 3790 conclusionis,
1047 3729 1124 3798 quae,
1138 3741 1199 3798 quo

64 3815 186 3872 brevior
199 3835 235 3874 sc
247 3817 394 3876 rotundior
403 3827 456 3887 est,
470 3837 505 3876 eo
518 3817 621 3875 fortius
634 3815 710 3875 ierit.
722 3815 756 3853 ¹³¹
800 3814 881 3875 Hinc
893 3826 924 3875 ct
938 3815 1078 3894 praclsre
1090 3817 1199 3876 dicitur

62 3923 202 3996 torqueat,
216 3920 383 3998 metaphora
396 3921 486 3998 potita
500 3941 517 3978 a
527 3917 641 3998 jaculis,
654 3938 731 3995 quae,
752 3937 845 3997 quum
862 3918 963 3977 bravia
982 3929 1060 3988 sunt,
1081 3920 1198 3977 rotundo

64 4022 233 4095 torqueatur.
275 4018 311 4076 ld
324 4019 388 4097 jam
401 4017 605 4076 animadvertit
619 4015 753 4076 Muretus
767 4013 852 4074 Vurr.
867 4015 960 4076 Lectt
976 4014 1065 4084 VIII,
1080 4017 1196 4075 anabi

64 4119 139 4178 ecam
153 4119 317 4200 adscripsit
329 4119 428 4180 locum
443 4119 570 4179 Platonis
589 4119 627 4177 de
651 4119 858 4196 Spartanorum
882 4117 1021 4195 loquendi
1042 4127 1195 4177 consuetu·

65 4216 127 4290 diua,
142 4241 224 4300 quos
238 4222 278 4280 ab
291 4219 375 4280 initio
388 4220 475 4279 rudes
489 4217 697 4297 imperitosque
710 4216 813 4288 videri,
828 4217 878 4278 sed
893 4225 993 4296 postea
1012 4225 1148 4295 torquere
1165 4227 1195 4278 ct

89 4416 108 4448 ¹·
123 4421 161 4469 cr
179 4422 236 4472 cte.
253 4421 338 4484 ropac,
355 4427 391 4472 rs.
405 4432 429 4470 u
445 4429 485 4472 14·
504 4393 606 4480 outoni.
676 4419 699 4453 ω
722 4421 759 4470 cr.
774 4420 993 4472 wonomroea
1008 4419 1063 4470 aa
1077 4419 1141 4471 uin.
1159 4418 1189 4472 Τ.

67 4480 88 4536 v,
99 4487 129 4534 a
142 4503 180 4548 μ.
200 4487 235 4545 v,
251 4493 341 4546 raas
355 4485 504 4548 avuta
520 4495 542 4537 s
644 4485 691 4536 ιν.
705 4501 728 4548 p.
748 4491 805 4537 sss.

609 4569 664 4617 R2
