3100 5250
88 462 91 469 ’
165 518 171 533 ·
295 495 338 603 ιι
667 452 1059 560 consumsimus

295 663 413 743 proprie
425 663 496 723 sella
509 664 556 723 vel
569 664 679 737 lectica,
700 670 840 746 quoniam
853 678 954 749 aperta
972 676 1027 739 eat,
1046 684 1108 726 non
1120 674 1205 727 tecu
1246 664 1435 726 Britanniorrs

265 756 271 769 ’
294 762 453 833 hominem,
477 762 529 842 qui
551 765 589 824 ab
613 775 739 844 utraque
760 755 844 847 parte
867 766 997 846 conspici
1017 765 1120 845 possit,
1140 784 1234 844 quum
1253 764 1334 825 aolus
1351 765 1436 825 sitin
1462 832 1481 845 ,

294 863 1201 947 lecticudeaignsri,idqucdelieatiesseetluxuriosi‚putabat
1280 866 1435 939 Cathedra,

294 973 329 1022 ut
348 964 465 1045 uuillen,
485 964 551 1026 1ι.1.
573 966 671 1047 simpl.
691 966 771 1040 sellu,
792 975 823 1029 et
836 966 1049 1038 delicatorum
1072 983 1143 1026 num
1155 964 1275 1045 proprie
1288 964 1361 1025 aella
1372 977 1438 1025 crat

292 1064 459 1137 mulierum,
484 1077 515 1127 et
535 1068 656 1146 quidem
680 1069 992 1149 sublimior,·(apecies
1011 1069 1103 1151 belm,
1124 1088 1192 1148 que
1212 1066 1308 1146 δίφςαξ
1325 1066 1437 1129 dicitur

293 1166 415 1229 Theocr.
438 1168 522 1243 XIV,
538 1178 585 1230 41.
603 1172 655 1231 ubi
678 1192 703 1231 v.
724 1172 848 1252 scholia)
869 1173 901 1231 in
921 1192 981 1251 qua
1000 1170 1142 1233 sedebant
1160 1180 1191 1231 et
1210 1188 1436 1248 nonnumquam

231 1254 238 1275 '
292 1270 490 1349 gestabantur,
512 1272 632 1333 dorsum
652 1274 827 1336 acclinantes
841 1274 944 1335 fulcris
955 1274 1065 1334 affabre
1077 1274 1162 1335 factis
1173 1284 1205 1335 et
1217 1273 1336 1333 brachiu
1350 1273 1435 1332 cubi·

291 1380 374 1431 torve
388 1386 561 1453 reponentes
574 1376 605 1435 in
620 1376 684 1437 aliis
704 1376 816 1449 fulcris,
840 1394 908 1456 quae
928 1376 1016 1436 ctiam
1037 1374 1231 1436 scribentibus
1250 1374 1436 1455 pulpitorum

289 1472 382 1535 instar
390 1486 480 1537 mant.
510 1474 642 1539 Conssad
653 1479 707 1550 VI,
717 1486 765 1549 91.
777 1478 833 1550 tx,
844 1486 891 1539 ⁵2.
905 1478 1034 1539 Martial.
1049 1478 1109 1545 111,
1119 1475 1170 1548 63,
1186 1476 1432 1548 7.1v,79·P1i1s

292 1572 378 1645 xvi,
393 1580 442 1642 37.
456 1596 480 1637 s.
493 1576 542 1638 68.
563 1578 665 1639 Burm.
685 1590 715 1640 et
734 1578 877 1639 Schwabe
890 1578 929 1637 ad
944 1577 1059 1637 Phaedr.
1074 1577 1131 1646 111,
1146 1583 1176 1646 3,
1190 1582 1219 1634 4.
1240 1576 1380 1636 Peraea-ut.
1392 1576 1435 1636 sd

293 1676 381 1757 Prop.
396 1678 449 1750 1v,
465 1686 494 1752 5,
509 1687 558 1748 37.
581 1682 710 1743 Scheffcr
723 1684 761 1743 de
774 1701 807 1742 re
820 1681 914 1742 rehic
931 1680 974 1751 11,
988 1689 1016 1741 4.
1033 1702 1064 1760 p.
1078 1678 1119 1740 64
1132 1698 1193 1758 aeq.
1213 1690 1243 1738 et
1256 1678 1389 1758 Bottiger
1401 1678 1435 1737 in

292 1778 400 1839 Sabina
414 1800 445 1860 p.
460 1789 488 1842 4.
503 1789 552 1853 39.
567 1792 616 1845 30.
631 1784 679 1847 66.
694 1786 742 1846 ed.
757 1806 802 1864 pr.
844 1783 971 1844 lecticis
991 1782 1129 1862 sellisque
1146 1782 1330 1843 vehebantur
1348 1782 1436 1843 nobi·

291 1876 378 1937 liores
388 1877 520 1949 Romani,
529 1880 649 1960 pilentis
657 1893 688 1943 et
697 1882 843 1961 carpentis
854 1880 923 1941 eolre
931 1879 1064 1941 Vestales
1070 1891 1102 1939 et
1109 1880 1263 1958 Augustae.
1340 1880 1436 1939 Lecti·

292 2000 342 2040 car
355 1993 385 2041 et
400 1981 484 2042 sellus
503 2002 663 2063 earumque
680 1985 798 2063 plateoe,
818 1984 927 2062 quibus
945 1982 1042 2060 capitu
1061 1980 1289 2055 reclinabuntur,
1312 1980 1434 2059 (ledor)

293 2092 419 2161 quatuor
429 2084 514 2163 pedes
527 2096 557 2145 et
570 2086 719 2145 coenolio
734 2087 809 2163 (non
822 2102 932 2145 asseres
945 2083 1215 2161 immiasoa,qu1bus
1226 2084 1433 2160 gestabantur)

292 2198 429 2259 expressa
442 2181 510 2241 vide
523 2182 555 2241 in
569 2182 711 2263 Bilttigeri
727 2184 835 2243 Sabina
853 2182 900 2241 Sc
914 2180 1003 2239 Vlll.
1019 2180 1094 2241 Tab.
1107 2180 1181 2239 ΧΗ.
1222 2178 1329 2242 Sellnrn
1341 2200 1360 2239 a
1371 2178 1433 2239 lcc-

255 2356 258 2363 Ι
292 2276 351 2339 tica
373 2280 567 2358 (trogererscl,
588 2281 747 2360 trogbarem
767 2278 911 2351 lambat,
926 2277 1088 2358 mulia)
1112 2279 1152 2339 ita
1173 2278 1318 2339 diversum
1340 2278 1435 2339 fuisse
1514 2304 1521 2318 ·

291 2381 495 2459 auspicabatur
509 2382 627 2461 Lipsius
642 2382 661 2441 l.
672 2382 703 2452 1.,
725 2394 759 2442 ut
772 2382 874 2441 illaad
887 2380 1059 2452 sedendum,
1080 2382 1145 2441 baec
1156 2382 1196 2441 ad
1205 2382 1366 2461 jacendum
1379 2401 1434 2461 ap-

291 2476 350 2538 tior
362 2490 393 2540 et
405 2479 437 2539 in
450 2480 500 2539 illa
513 2481 635 2541 cnuicol
648 2490 774 2553 tantum,
787 2481 827 2540 ad
839 2490 930 2560 caput
942 2479 1154 2550 reclinandum,
1170 2482 1214 2560 (r.
1227 2480 1265 2565 ad
1278 2480 1334 2550 VI,
1348 2482 1432 2558 353.)

157 2647 174 2666 ι
291 2580 323 2640 in
337 2582 392 2672 lpse
406 2602 476 2642 vero
489 2582 583 2646 lectus
596 2583 729 2645 suerit²⁶
770 2582 854 2644 Idem
871 2592 980 2652 monet,
1001 2591 1070 2641 ante
1088 2581 1246 2642 Claudiurn
1266 2582 1342 2663 Imp
1357 2602 1433 2644 aem·

234 2759 245 2773 ,
291 2699 346 2760 per
358 2681 478 2752 lectior,
501 2693 532 2744 et
550 2695 618 2763 post
637 2703 706 2744 eum
717 2673 899 2763 ¹plerumque
911 2681 990 2743 sellae
1002 2681 1179 2743 mentionem
1192 2684 1265 2744 fieri.
1346 2685 1432 2756 audo,

292 2801 353 2842 non
365 2793 451 2854 tecta,
468 2783 520 2844 sed
532 2795 652 2864 apertu
673 2785 754 2865 quod
767 2786 798 2844 h.
811 2785 831 2844 1
846 2804 906 2845 non
919 2782 1073 2854 civilitatis,
1095 2784 1145 2862 (ut
1155 2804 1204 2865 ap.
1217 2785 1336 2847 Sueton.
1350 2786 1433 2864 Aug.

292 2905 318 2946 c
340 2893 388 2947 53.
409 2897 439 2947 et
457 2885 511 2967 al.)
540 2887 592 2948 aed
615 2888 760 2968 superbie
788 2897 819 2948 ct
842 2886 1031 2968 impudentis
1053 2886 1195 2948 indicium
1221 2897 1273 2949 eat.
1323 2888 1435 2948 causa

294 2989 363 3050 sella
377 3000 556 3052 memoratur
570 2991 622 3051 inf.
636 3012 665 3052 r.
682 2999 748 3052 124.
790 2991 877 3051 Sellae
889 2989 937 3050 vel
950 2989 1061 3049 lectica
1074 2981 1182 3069 aputu
1194 2989 1290 3051 forma
1303 2991 1355 3069 (ut
1365 3007 1436 3048 rer·

292 3093 338 3154 bis
359 3091 453 3173 Lipsii
473 3093 492 3153 l.
507 3095 526 3154 l.
547 3097 628 3175 utar)
650 3093 785 3174 simplex,
812 3111 921 3154 assem
944 3089 1056 3169 aliquot
1075 3092 1229 3173 conspacti,
1252 3092 1306 3172 qui
1329 3111 1435 3172 eapere

292 3189 449 3268 puluinum
464 3191 626 3271 oblongum
639 3205 766 3272 possent,
787 3191 893 3269 inquo
909 3188 998 3247 borno
1018 3201 1170 3265 porrectus
1186 3191 1308 3269 jacmet,
1329 3188 1381 3267 (cf.
1394 3188 1436 3248 ad

295 3287 355 3357 111,
370 3295 439 3350 245.
453 3301 483 3350 et
496 3291 569 3362 Vll,
587 3297 653 3352 133.
678 3289 730 3350 ubi
754 3309 834 3349 aseer
856 3309 911 3368 pro
931 3289 996 3369 ipsa
1015 3283 1133 3369 lectica)
1153 3300 1184 3349 et
1202 3289 1294 3369 pedes
1313 3287 1436 3367 quidum

293 3389 450 3460 breviores,
471 3391 578 3469 quibua
598 3392 701 3453 lectica
715 3391 847 3471 deposito
859 3389 1021 3454 insisteret:
1041 3391 1144 3452 eudem
1164 3391 1263 3451 omnia
1281 3391 1313 3450 in
1332 3390 1436 3450 lectica

293 3500 381 3561 ncta,
404 3489 461 3551 nisi
483 3493 564 3570 quod
583 3493 647 3556 huc
666 3495 813 3574 majorum
830 3494 1003 3556 delitiarum
1024 3497 1081 3556 tuit
1092 3507 1251 3576 contraque
1263 3495 1437 3574 adspectum

294 3591 447 3653 hominum
462 3592 523 3653 sive
536 3593 657 3672 injurias
670 3597 744 3656 aeris
757 3597 855 3657 clausa
866 3597 1001 3676 undique
1013 3618 1048 3657 ac
1056 3597 1181 3669 munita,
1194 3607 1226 3658 et
1238 3595 1358 3677 quidem
1370 3595 1435 3674 pel·

294 3692 372 3754 libus
392 3706 481 3774 atque
500 3694 583 3767 velis,
602 3699 640 3775 (a
661 3699 797 3778 plagulis,
818 3720 886 3779 quae
905 3699 1048 3761 dimoveri
1066 3701 1216 3779 poterant)
1237 3699 1276 3759 sd
1295 3700 1436 3760 fenestras

294 3797 441 3879 oppansis.
450 3797 524 3849 ¹⁶—
535 3798 583 3860 66.
598 3799 710 3860 multum
725 3801 857 3882 rp‘crear,
878 3802 1054 3881 exprimens,
1075 3803 1200 3871 imimns,
1219 3801 1254 3861 de
1268 3804 1434 3869 Maemte,

294 3897 323 3956 h.
345 3918 370 3957 e.
392 3895 418 3957 ei
438 3896 620 3971 simillimum
640 3909 676 3958 ut
695 3899 756 3958 lere
775 3921 822 3980 ap
843 3901 929 3981 Yirg.
951 3901 1018 3960 AEn.
1040 3901 1094 3971 tv,
1114 3909 1185 3970 329.
1210 3901 1250 3970 X,
1273 3900 1342 3968 766.
1364 3901 1434 3960 Tac

296 3997 396 4060 Germ.
412 4005 460 4061 43.
474 4009 504 4058 et
516 3999 552 4058 al.
635 3999 760 4080 Supinas
772 4011 803 4061 et
816 4001 963 4083 resupinus
975 4001 1093 4074 dicitur,
1114 4003 1166 4082 qui
1180 4001 1227 4063 ael
1241 4004 1346 4083 supine
1354 4005 1436 4082 jacet

326 4179 345 4208 ⁸⁸
363 4179 401 4228 Ci.
423 4182 570 4231 Wsrnsdorl.
594 4183 625 4231 ad
648 4183 762 4245 Calpunr.
788 4183 844 4232 Ecl-
878 4185 932 4234 Lis.
945 4186 1120 4243 XXXIX,6.
1143 4185 1358 4234 EmestiadSuet.
1374 4184 1431 4240 'libs

296 4242 362 4300 Vll,
379 4250 417 4294 st.
439 4246 465 4294 in
483 4248 550 4295 Poer.
569 4248 624 4297 Lat.
643 4248 703 4296 min.
723 4249 752 4296 T.
764 4247 803 4296 11.
820 4265 843 4310 p.
878 4257 918 4300 64.
948 4252 1016 4315 Lipa.
1035 4251 1114 4300 Etece
1134 4251 1158 4308 I,
1178 4256 1215 4302 19.
1240 4251 1347 4299 Scheli'er
1362 4250 1394 4299 de
1408 4267 1435 4299 re

178 4313 183 4326 '
298 4311 351 4356 166.
378 4309 527 4361 Schcfferde
545 4313 638 4362 resch.
661 4313 698 4370 ll,
715 4319 739 4361 4.
760 4329 786 4374 p.
803 4318 843 4363 73
878 4316 929 4365 reta
942 4317 981 4375 11,
993 4323 1016 4364 4.
1034 4332 1059 4378 p.
1076 4321 1115 4366 77.
1133 4315 1171 4375 11,
1187 4321 1211 4365 5.
1229 4331 1253 4377 p.
1273 4321 1313 4367 39.
1334 4316 1432 4364 Gruter.

295 4371 370 4486 intpp¹
386 4373 479 4424 mes..
495 4378 550 4438 ιιι,
562 4385 586 4440 a,
598 4385 621 4428 ι.
644 4375 760 4443 oengus
778 4378 845 4428 nn.
879 4379 1141 4460 rnaeepgccccvn
1156 4388 1176 4431 ι.
1195 4391 1220 4430 e
1237 4381 1432 4437 nccecurv,

295 4447 544 4563 ⁰⁸·c'tet1llffllqa'.
560 4519 584 4558 a
600 4508 648 4569 ιι,
666 4508 798 4558 sunu
814 4510 846 4558 ..ι
878 4450 901 4494 ⁸*
916 4455 941 4495 ⁸
953 4447 1120 4512 ΒΜΗ

691 4595 708 4638 9
