3100 5250
283 476 327 537 82
658 474 1051 545 COMMENTARIUS

284 664 353 707 men
375 644 527 727 proprium
544 648 668 710 obsidis.
749 651 898 711 Armenias
918 670 988 711 com
1010 649 1121 709 dilectu
1140 645 1267 705 dicitur:
1293 664 1367 705 mm
1388 646 1436 705 ab

284 748 433 810 Armeniis
453 761 548 829 poetoe
569 755 749 832 temporibus
769 753 887 814 obsides
908 752 1045 813 Romnrris
1058 749 1147 810 fnisse
1159 748 1292 820 ludim,
1310 768 1433 808 mm·

285 861 331 911 rnt
356 852 424 913 Tse.
449 855 527 914 Anu.
551 854 635 924 Xlll,
657 863 684 925 9.
712 866 741 915 et
762 852 830 926 XV,
854 862 868 914 l
893 874 952 932 seq.
1049 850 1156 911 mollior
1168 850 1284 909 'cunctis
1302 848 1431 932 ephebis,

284 949 397 1029 quippe
424 950 475 1029 qui
498 950 537 1010 ad
559 950 711 1011 hbidinem
737 947 890 1030 proniores
915 960 992 1011 sunt
1073 968 1132 1007 rese
1151 946 1308 1016 indulsisse,
1331 946 1429 1006 nedi-

285 1044 372 1117 disse,
392 1044 567 1116 exhibuisse,
589 1048 628 1107 sd
646 1048 760 1108 loedum
780 1048 842 1109 scil.
862 1049 1045 1128 obsequium.
1086 1046 1170 1105 Conf.
1193 1046 1266 1107 Stat
1280 1044 1351 1104 Silv.
1365 1044 1426 1115 lv,

286 1148 316 1217 6,
330 1156 379 1215 37.
452 1150 563 1209 ardenti
575 1170 673 1211 amore
688 1152 748 1211 ocri
761 1172 797 1211 sc
809 1150 974 1213 libid'umso.
1055 1148 1184 1228 Adspicm
1198 1147 1267 1207 vide
1279 1166 1327 1206 en.
1341 1168 1372 1206 v.
1385 1146 1430 1205 sd

287 1250 324 1321 V,
345 1250 393 1318 67.
474 1253 632 1313 commmia
651 1254 838 1333 populorum,
859 1253 906 1313 vel
928 1252 1107 1313 conversatio
1126 1270 1195 1311 cum
1216 1249 1309 1309 molis.
1349 1248 1430 1309 otei·
1545 1266 1547 1269 ⁴

285 1370 359 1433 ponne
371 1350 416 1421 ἤδη
429 1354 532 1433 mord
547 1352 646 1425 trablas
660 1356 745 1411 natal
763 1352 802 1411 D.
817 1351 901 1413 Psuli
914 1352 1028 1411 dictum
1043 1358 1057 1409 1
1073 1350 1139 1408 Cor.
1154 1348 1223 1417 XV,
1237 1354 1287 1407 33.
1306 1346 1427 1408 801ίηί-

285 1466 387 1521 mum;
405 1450 483 1511 'Acb
506 1451 552 1513 cf.
566 1450 604 1510 od
617 1470 645 1509 v.
661 1458 709 1518 78.

329 1550 396 1618 167.
418 1550 487 1622 Hic,
503 1552 612 1625 Romae,
627 1552 748 1611 honines
757 1554 849 1631 fiunt,
861 1552 1002 1632 praeclme
1013 1552 1187 1621 formantur,
1208 1548 1423 1621 institurum

285 1656 366 1735 quod
379 1657 526 1723 σκωπικῶς
538 1656 655 1716 dicitur.
739 1657 774 1716 Si
791 1677 869 1717 mora
888 1656 997 1735 langior
1020 1656 1122 1715 Urbem
1141 1653 1275 1724 Indulsit,
1296 1674 1426 1714 commo-

285 1757 434 1825 rationem,
456 1756 639 1834 proesentism
660 1756 691 1815 in
708 1758 782 1815 urbe
801 1767 900 1816 nostro
919 1755 1093 1817 concesserit
1110 1754 1211 1834 pueris
1233 1753 1292 1812 illis
1311 1765 1428 1813 extero-

286 1878 363 1929 rum,
384 1859 435 1938 qui
455 1858 502 1918 vel
522 1859 598 1919 inter
617 1859 733 1919 obsides
752 1859 874 1917 Romam
888 1858 969 1918 missi
982 1868 1060 1945 sunt
1079 1856 1127 1915 vel
1146 1856 1203 1915 nlin
1222 1854 1372 1915 occasione
1385 1856 1428 1914 nd

285 1977 339 2017 nos
353 1968 506 2028 venerunt,
526 1958 556 2015 b.
571 1980 597 2017 e.
611 1959 635 2017 si
649 1956 761 2017 diutius
776 1958 877 2016 Romae
892 1956 1063 2017 commorati
1075 1954 1186 2014 fuerint
1193 1977 1204 2026 ;
1224 1974 1278 2014 non
1292 1973 1429 2032 umqum

285 2054 371 2115 deerit
384 2064 492 2115 amator
504 2054 552 2114 vel
566 2056 706 2123 cinoedus,
721 2054 772 2132 qui
786 2074 836 2113 eos
849 2064 1026 2131 corrumpat

328 2156 396 2228 169.
412 2166 478 2224 170.
493 2157 644 2215 Mittantur
657 2156 757 2234 pueris
770 2157 809 2214 ab
822 2165 950 2215 amatore
964 2154 1065 2226 braca,
1080 2152 1190 2224 cultelli,
1198 2152 1299 2230 frena,
1311 2154 1425 2233 flagel-

284 2253 350 2325 nm,
373 2274 503 2326 munero,
527 2254 635 2333 quibus
655 2254 749 2314 solent
769 2254 907 2314 delectori
926 2253 1015 2313 etism
1027 2253 1059 2312 in
1072 2254 1167 2332 petrin
1185 2274 1236 2313 sus
1254 2263 1284 2312 et
1295 2252 1425 2323 lucilius,

284 2374 374 2434 quam
396 2353 529 2433 pecuina,
552 2352 616 2432 capi
627 2376 637 2424 ;
671 2352 747 2412 Brit.
784 2352 843 2411 Sed
866 2351 962 2431 optior
984 2363 1029 2411 est
1051 2352 1176 2411 oliorum
1202 2350 1425 2430 interpretatio:

283 2453 433 2523 mittentur,
454 2452 634 2523 omittentur,
655 2452 840 2531 objicientur,
864 2451 965 2520 lracoe,
986 2451 1168 2520 vestimentu,
1192 2450 1303 2528 quibus
1322 2452 1352 2509 in
1369 2470 1426 2528 pa-

284 2550 341 2609 tria
354 2552 519 2620 utebantur,
543 2560 573 2609 et
593 2548 696 2609 cultelii
715 2548 866 2617 venatorii,
891 2548 1022 2627 (cultelii,
1048 2547 1174 2628 quiade
1189 2546 1292 2628 pueris
1309 2548 1423 2628 agitur)

274 2649 378 2729 frena,
385 2650 544 2729 flagellum,
566 2672 647 2710 snus
659 2654 753 2730 patris
766 2665 797 2712 et
809 2652 906 2713 studia
926 2646 1115 2713 venationum
1133 2655 1425 2734 exercendorumque

284 2765 448 2826 equorum
469 2757 500 2806 et
511 2767 567 2825 pro
580 2748 713 2808 virilibus
733 2751 874 2811 institutis
894 2752 1056 2830 patriisque
1075 2753 1214 2823 moribus,
1238 2753 1424 2833 simplicibus

282 2863 371 2930 ¹ntque
384 2849 522 2920 honestis,
536 2871 630 2924 ,mores
639 2860 829 2930 pontonates,
847 2853 1001 2923 llomnnos,
1023 2855 1075 2933 qui
1088 2855 1274 2933 perditissimi
1295 2866 1365 2914 sunt
1383 2876 1423 2916 ac

282 2951 519 3034 profligatissimi,
537 2952 689 3024 Artaaata,
704 2954 826 3014 domum
839 2955 888 3015 vel
901 2956 932 3014 in
945 2956 1080 3035 patriam,
1094 2957 1222 3034 referent.
1261 2957 1381 3018 Bracooe
1395 2980 1420 3018 s.

283 3050 388 3111 Braooe
410 3053 452 3130 (v.
475 3050 543 3110 Vsr.
567 3051 663 3131 Lect)
686 3071 746 3111 non
772 3053 863 3112 modo
884 3053 978 3114 Gollis
1001 3055 1250 3126 Narbonensibus,
1277 3056 1330 3135 qui
1350 3056 1424 3117 inde

283 3149 405 3210 Bracati
418 3150 507 3219 v111,
523 3157 591 3210 234.
606 3150 755 3220 dicuntur,
777 3152 807 3209 in
828 3171 884 3212 osu
903 3163 996 3224 erent,
1017 3151 1112 3212 sedet
1125 3151 1325 3223 Docis.Getis
1343 3155 1424 3216 eliis-

283 3271 342 3329 que
356 3253 442 3312 Ponti
456 3253 582 3331 populis,
599 3252 777 3332 Phrygibus,
792 3252 895 3333 Lydis,
918 3253 1024 3325 Persis,
1046 3255 1138 3325 Indis,
1160 3256 1267 3317 Medis.
1274 3256 1298 3294 ⁴¹
1339 3259 1422 3318 Loxa

282 3362 381 3412 sutem
407 3364 489 3412 erunt
515 3354 663 3414 feminalia
689 3374 712 3413 s.
739 3353 898 3425 femoralia,
927 3354 1089 3437 ἀναξυςίὰςς
1119 3356 1171 3416 sed
1198 3356 1310 3438 Scytha
1334 3365 1420 3416 totum

282 3453 503 3536 brocatitorpus
515 3463 551 3527 et,
572 3457 627 3516 nisi
647 3477 703 3536 qna
724 3455 825 3527 uident,
849 3456 932 3516 ctiam
951 3477 1003 3517 om
1022 3458 1122 3530 uestiti,
1143 3470 1218 3521 teste
1233 3460 1312 3520 Mels
1332 3461 1374 3528 ll,
1392 3469 1421 3518 1.

282 3552 367 3616 Conf.
381 3563 412 3611 et
426 3551 514 3613 ovid.
535 3553 622 3612 Trist
637 3554 697 3624 Ill,
716 3561 762 3626 10,
781 3562 827 3622 19.
842 3561 891 3614 20.
916 3555 955 3615 D.
970 3555 1093 3616 Hieron.
1106 3558 1146 3617 ad
1155 3557 1306 3618 Fabiolam
1319 3558 1422 3617 nonos

280 3651 322 3711 nit
330 3649 428 3729 suisne
440 3649 475 3710 ali
490 3649 614 3709 umbilico
627 3653 666 3710 ad
682 3673 777 3732 genna
790 3673 876 3733 usque
891 3663 1047 3733 porrectas,
1068 3655 1168 3736 quibas
1187 3655 1307 3716 uerenda
1326 3657 1422 3716 celan·

280 3758 335 3810 tur.
430 3748 581 3819 Artaxata,
610 3761 699 3829 caput
726 3752 885 3821 Armeniae,
912 3752 951 3810 ad
977 3753 1106 3812 Amnem
1126 3753 1156 3812 fl.
1252 3754 1422 3814 Proeteaetats'

280 3873 377 3922 morer,
400 3862 433 3912 ut
453 3849 536 3910 cerda
553 3859 729 3930 protestata,
757 3855 838 3933 (quae
853 3854 939 3933 pasis
958 3855 1129 3936 harenisque
1147 3868 1338 3936 opponuntur
1348 3858 1422 3937 jun·

280 3965 449 4030 gunturque
463 3949 610 4030 impudicis
621 3962 652 4012 et
666 3951 808 4012 dicacitati
820 3952 941 4013 sordida
959 3953 1124 4034 scurriliquc
1136 3975 1182 4033 op
1198 3953 1277 4016 Gell.
1297 3955 1354 4028 lx,
1372 3963 1420 4014 10.

281 4053 411 4114 Mncrob.
427 4056 486 4117 sas
502 4055 527 4125 l,
545 4063 571 4112 1.
586 4055 662 4114 med.
677 4065 707 4114 et
721 4055 802 4132 Suet
818 4054 906 4135 Vesp.
921 4061 985 4136 22.)
1006 4056 1145 4118 dicuntur
1159 4056 1207 4116 vel
1224 4076 1321 4118 mores
1340 4077 1418 4136 prte-

312 4231 503 4300 “nScalig-nd
522 4237 594 4299 Prop.
609 4237 657 4293 IV,
672 4241 709 4291 10,
723 4241 762 4282 48.
784 4235 830 4284 Cn·
861 4241 902 4286 68.
922 4245 961 4289 64.
985 4238 1087 4289 liehnd.
1110 4238 1176 4288 Diss-
1195 4239 1295 4288 miscell.
1318 4239 1348 4289 Ρ.
1374 4239 1414 4287 11.

204 4345 207 4354 ‚
279 4299 345 4343 nub.
357 4297 388 4344 sd
406 4301 471 4348 Suet.
488 4305 554 4366 Aug.
567 4318 588 4350 c.
603 4307 641 4350 88.
663 4300 735 4352 ond.
754 4300 825 4348 Trlst.
863 4301 926 4350 nin
939 4309 962 4352 8.
975 4305 1036 4368 inpr.
1052 4303 1161 4354 Pen'zon.
1174 4305 1205 4353 sd
1222 4304 1313 4354 AElinn.
1329 4304 1361 4353 V.
1376 4305 1415 4353 li.

269 4359 313 4422 N,
326 4365 364 4418 10,
374 4365 415 4412 84.
437 4365 542 4419 Brisson.
559 4367 590 4416 de
605 4383 680 4432 regno
693 4367 758 4416 Pers
776 4367 795 4414 l.
810 4367 826 4428 ς
862 4367 927 4426 x11,
940 4375 979 4418 82.
