3100 5250
175 397 179 403 ’
261 385 304 444 92
632 374 1025 447 COMMENTARIUS

262 568 296 615 ut
308 551 412 612 reunsi
424 571 443 610 a
455 551 627 629 spectaculis
640 573 748 633 magno
765 563 867 613 sumtu
879 572 898 612 a
910 572 941 612 se
955 551 1041 611 editis
1054 549 1093 608 de
1106 545 1220 608 labinia
1239 546 1330 606 etiam
1349 563 1409 604 ett-

261 655 361 716 randis
373 673 443 714 cum
459 653 607 715 AEdilibus
626 668 750 717 tractare
762 676 823 716 non
837 656 1020 724 erubescent,
1040 651 1115 712 nihil
1129 648 1188 710 vile
1200 668 1235 710 ac
1248 645 1405 708 soedidum

261 769 442 837 respuentes,
463 756 624 817 dummodo
636 759 753 819 lucrum
765 757 836 818 inde
850 755 1028 836 proveniat.’'
1071 753 1141 811 Non
1154 751 1235 812 enim
1248 767 1345 811 sermo
1358 759 1405 810 eat
1519 775 1524 787 .

261 861 300 920 ds
312 861 490 933 hominibus,
516 861 568 940 qui
591 873 712 941 propter
735 864 882 941 impensas
902 861 933 920 in
952 876 1075 918 munera
1098 856 1190 916 factas
1214 853 1252 913 sd
1272 853 1404 932 inopiam
1523 861 1524 894 l

259 955 445 1037 rediguntur,
471 957 522 1018 sed
546 959 598 1037 qui
618 978 653 1017 ea
673 959 775 1029 edunt,
799 970 835 1018 ut
856 957 934 1017 viam
954 957 996 1016 ita
1015 955 1070 1016 sibi
1091 953 1130 1014 ad
1149 953 1276 1032 gratim
1296 951 1403 1031 populi
1523 987 1524 995 ι

261 1079 450 1139 summosque
469 1059 596 1121 honores
618 1062 762 1131 muniant,
787 1060 890 1140 etqui
909 1058 1001 1120 srnsia
1022 1056 1075 1118 soli
1096 1055 1260 1116 conducere
1280 1054 1405 1133 possint,
1518 1077 1524 1086 ⁴

167 1161 173 1174 '
259 1181 343 1242 quum
356 1163 423 1234 sint,
442 1162 617 1242 puritates,
638 1164 669 1222 h.
682 1184 708 1223 e.
722 1183 816 1243 quum
836 1162 970 1223 ditissimi
991 1159 1057 1221 sint
1139 1158 1253 1250 Foricre
1271 1167 1341 1217 suut
1361 1157 1404 1215 la·
1523 1167 1524 1171 ’

261 1264 347 1326 trine
360 1265 497 1344 publicae,
518 1266 550 1324 in
564 1266 672 1344 quibus
685 1277 895 1344 pretereuntes
909 1263 1009 1323 alvum
1028 1279 1186 1322 exonerare
1206 1269 1351 1338 poterant,
1373 1267 1406 1318 et
1523 1291 1524 1302 ι

262 1387 330 1446 quoe
344 1368 453 1428 vilibus
473 1369 645 1430 locabantur
665 1368 842 1438 bominibus,
868 1367 920 1446 qui
940 1367 1010 1426 inde
1021 1362 1169 1442 soricarii'
1180 1361 1351 1422 dicebantur
1370 1369 1404 1422 et

261 1470 388 1550 vectigal
402 1473 559 1551 exigebant
571 1473 611 1531 ab
624 1473 680 1544 his,
701 1473 753 1551 qui
767 1471 864 1532 subita
876 1467 1091 1530 necessitudine
1105 1465 1279 1544 deprehensi
1292 1465 1404 1524 ventris

261 1575 303 1634 tbi
317 1593 392 1634 onus
406 1575 554 1653 deponere
567 1578 755 1654 cogebantur.
765 1575 791 1614 ¹⁰
798 1583 842 1623 —'
850 1581 896 1634 40.
911 1573 1053 1642 Fortuna,
1069 1573 1155 1648 (utet
1165 1569 1223 1649 dii)
1233 1571 1258 1628 si
1268 1568 1407 1647 indignos

261 1697 296 1736 es
316 1675 414 1734 buruli
427 1676 493 1735 loco
505 1697 528 1736 s
542 1675 660 1754 fastigio
673 1676 777 1736 extollit
791 1688 821 1736 et
834 1677 940 1754 dignos
960 1673 1109 1752 deprimit,
1134 1669 1241 1731 deinde
1261 1689 1332 1730 vero
1351 1671 1408 1730 bos

262 1773 377 1836 extollit
390 1785 421 1834 et
433 1773 500 1833 illos
512 1774 619 1834 iterum
634 1775 783 1853 deprimit,
798 1773 893 1852 (unde
906 1771 1031 1852 improba
1042 1771 1096 1842 VI,
1109 1768 1194 1849 605.)
1208 1769 1317 1829 dicitur
1330 1769 1407 1828 loet-

262 1874 354 1935 brr'um
367 1897 450 1936 cartu
459 1877 550 1948 edere,
565 1877 646 1956 (Liv.
659 1877 759 1948 XXX,
775 1869 838 1954 30.)
856 1875 1007 1956 velj0curr'
1020 1893 1054 1956 ac
1067 1873 1171 1946 ludere,
1191 1871 1222 1931 h.
1235 1893 1259 1930 e.
1280 1891 1337 1951 pro
1357 1873 1408 1931 lu-

263 1977 360 2038 dubrio
373 1978 482 2039 habere
494 1978 637 2050 homines,
651 2000 701 2039 eos
715 1979 799 2058 quasi
813 1978 918 2042 ludum
928 1979 1091 2057 jocumque
1104 1975 1207 2036 fecere.
1214 1976 1233 2012 ¹¹

304 2089 352 2142 42.
375 2081 483 2142 Nescio
502 2083 543 2142 ita
562 2082 686 2155 adulari,
711 2093 754 2152 ut,
780 2081 832 2160 qui
852 2099 932 2140 nunc
952 2097 1016 2139 mos
1043 2076 1194 2143 hominum
1215 2087 1268 2146 est,
1287 2075 1406 2134 malum
1523 2075 1524 2090 ¹

262 2179 383 2249 librum,
397 2179 450 2260 qui
463 2180 612 2250 recitatur,
628 2180 747 2248 laudern,
773 2190 803 2238 et
819 2197 931 2257 poscam
952 2175 1112 2256 legendum
1130 2172 1408 2235 autbanssoeiben-
1523 2225 1524 2264 ἶ

262 2281 344 2342 (Ιιιιιι.
387 2281 462 2344 Hoec
474 2283 553 2341 enim
566 2283 638 2342 olim
651 2282 833 2343 edendorum
847 2279 1155 2360 divulgandorumque
1174 2275 1319 2336 librorum
1331 2276 1408 2336 ratio
1523 2307 1524 2328 ι

263 2395 334 2454 erst,
356 2395 390 2444 ut
409 2385 602 2447 recitarentur
615 2386 716 2448 amicis
729 2387 810 2445 etsb
823 2383 870 2443 his
884 2382 1126 2444 describerentur.
1169 2385 1217 2439 43.
1234 2385 1281 2438 st.
1297 2379 1408 2457 ignoro

262 2487 449 2564 astrologiam
465 2509 487 2546 s.
502 2488 656 2557 mathesin,
677 2509 745 2566 quae
757 2507 804 2546 ars
818 2487 907 2546 hodie
921 2487 951 2544 in
966 2497 1048 2545 tanto
1062 2483 1158 2562 pretio
1172 2493 1226 2552 est,
1247 2481 1354 2562 cuique
1374 2493 1407 2542 et
1523 2477 1524 2482 ¹

262 2584 320 2642 vni
341 2593 371 2643 et
389 2583 529 2643 munere.
553 2585 661 2645 desim
686 2595 763 2645 suns
805 2584 850 2644 cf.
871 2585 910 2644 aa
931 2583 987 2656 ιιι,
1009 2589 1179 2650 sss-⁵71.
1193 2593 1225 2643 et
1239 2582 1323 2653 inv,
1344 2587 1406 2643 sss
1523 2567 1524 2653 l

263 2704 324 2764 seq.
420 2684 586 2745 Promittere
605 2706 668 2746 voc.
682 2706 781 2765 propr.
796 2686 834 2746 de
855 2686 1008 2767 sortilegis,
1030 2687 1081 2767 qui
1102 2686 1200 2745 omnia
1220 2685 1407 2765 promittunt,
1523 2698 1524 2729 l

263 2781 305 2840 nil
319 2792 469 2861 praestant,
490 2795 525 2843 ut
537 2803 584 2862 sp.
599 2784 683 2863 Virg.
698 2785 767 2844 AEn.
784 2786 839 2858 IV,
856 2793 922 2853 487.
938 2786 1051 2865 Grang.
1093 2784 1142 2845 Sic
1153 2796 1183 2845 et
1195 2784 1327 2865 spondere
1346 2782 1405 2852 VI,
1523 2804 1524 2821 ι

266 2886 334 2941 548.
349 2882 400 2940 ubi
414 2902 442 2940 v.
457 2892 517 2941 not.
528 2881 690 2961 promittere
704 2882 812 2962 funus,
832 2894 967 2957 mortem,
990 2886 1039 2964 (ut
1052 2884 1109 2954 v1,
1126 2882 1194 2945 565.
1209 2896 1238 2943 et
1249 2882 1299 2963 al.)
1311 2880 1406 2962 putris

263 2980 383 3051 vivacis,
406 2981 458 3059 qui
483 2981 595 3041 diutius
616 2980 700 3054 vivit,
725 3002 815 3060 quarn
840 2982 917 3043 filius
937 2984 1070 3063 perditus
1089 3002 1124 3043 ac
1143 2982 1301 3043 dissolutus
1314 2990 1406 3060 optat.

263 3086 311 3149 Cl.
323 3086 362 3145 ad
377 3087 431 3157 VI,
447 3086 506 3148 565
520 3108 580 3166 seq.
596 3086 681 3156 XIV,
690 3095 749 3147 948
764 3108 824 3165 seq.
839 3088 962 3147 casaub.
973 3086 1011 3149 ad
1021 3088 1098 3147 Pers
1115 3086 1157 3158 ll,
1175 3095 1213 3147 10
1227 3108 1287 3165 seq.
1303 3086 1409 3165 Gierig
1523 3088 1524 3127 ἶ

263 3184 303 3244 ad
317 3185 407 3243 Ovid.
422 3186 495 3245 Met
511 3185 536 3256 l,
553 3193 620 3246 148.
634 3196 665 3247 et
677 3188 766 3246 verba
782 3186 905 3247 Luciani
918 3187 949 3245 in
964 3183 1098 3246 Her-mot
1110 3204 1135 3245 c.
1151 3186 1178 3247 6.
1193 3188 1250 3267 iniq
1264 3188 1310 3245 rin
1322 3186 1410 3243 cirson
1523 3216 1524 3229 ι

263 3284 332 3353 lrirr,
352 3284 390 3340 dre
401 3281 484 3363 βιώσῃ
497 3286 620 3357 τοσαῦτα,
634 3288 729 3365 πότερον
741 3287 754 3343 ὃ
767 3284 924 3352 διδάσκαλός
938 3304 979 3344 σου
993 3286 1175 3366 καθυσίοχιτο,
1197 3287 1225 3344 οὗ
1243 3289 1310 3355 μόνον
1321 3284 1407 3362 σοφός,

140 3370 144 3378 x
201 3424 208 3433 ·
264 3386 345 3443 ἀλλὰ
364 3388 413 3442 2‘21'
430 3389 551 3454 malt
564 3386 598 3444 dr
611 3385 627 3453 ἢ
640 3385 819 3467 χ’ςησμολίγος
833 3408 880 3458 τις,
901 3386 979 3455 ilion
992 3390 1042 3454 τὰς
1061 3388 1202 3447 Χαλδαίων
1219 3388 1333 3459 μιθόδως
1352 3388 1409 3444 iri-

265 3503 389 3556 σταπαις
409 3487 474 3564 puri
486 3491 546 3564 γοῦν
558 3489 645 3547 sibim
663 3492 835 3549 τὰτοιαῦτα.
930 3510 1076 3561 ranarum,
1097 3492 1278 3560 rubetarum,
1300 3488 1409 3549 vitum

264 3602 415 3661 nnmqumn
440 3582 555 3661 inspexi,
581 3596 615 3645 ut
635 3587 697 3647 scd.
718 3607 865 3648 venenum
886 3608 922 3647 ex
943 3588 980 3649 iis
1001 3608 1152 3667 perarem3
1178 3588 1209 3649 b.
1222 3607 1248 3647 e.
1263 3588 1410 3648 veneficas

264 3693 342 3740 artes
355 3700 415 3740 non
435 3680 542 3760 polleo,
565 3693 599 3741 ut
618 3682 707 3744 bodie
728 3686 822 3746 multi.
865 3687 910 3745 Cf.
925 3686 964 3745 ed
980 3687 1004 3757 Ι,
1020 3693 1068 3753 70.
1112 3684 1210 3746 Verba
1233 3686 1342 3745 ritem
1362 3686 1409 3745 in·

264 3779 344 3857 speri
356 3800 417 3838 non
429 3779 469 3838 ad
482 3779 719 3841 vaticinationem
741 3796 884 3862 spectant,
906 3785 958 3843 sed
976 3785 1070 3845 facete
1089 3784 1125 3843 iis
1146 3804 1216 3845 usus
1235 3796 1281 3844 est
1298 3796 1409 3861 poeta3

264 3900 333 3941 nam
346 3881 478 3963 loquitur
491 3881 521 3941 h.
534 3881 556 3940 Ι.
573 3884 741 3945 Umbricius
754 3885 912 3967 haruspex,
933 3887 985 3966 qui
1005 3869 1104 3966 propr.
1118 3886 1226 3947 uiscera
1239 3907 1261 3946 s
1274 3897 1343 3947 exta
1362 3884 1410 3945 in·

298 4060 369 4112 ”ne
429 4067 434 4080 '
479 4068 493 4080 ''
518 4078 540 4113 v.
557 4063 662 4113 Paulum
678 4064 725 4129 leg.
748 4068 819 4129 l't.§
887 4066 1409 4127 ¹¹ctinr.v1,oosv11,1sr.nfiectert

266 4127 353 4176 Fiscus
407 4130 439 4178 '.
469 4130 500 4179 de
521 4130 608 4186 usuris,
639 4130 721 4179 Cuisc.
748 4130 820 4180 obs.
853 4132 884 4181 ad
901 4134 988 4183 Horat.
1008 4131 1231 4196 0d.1,s⁵‚1seq.
1249 4132 1304 4191 111,
1322 4138 1361 4190 29,
1372 4136 1409 4181 49

267 4190 364 4251 XXII,
385 4200 424 4241 94.
447 4201 486 4245 98.
507 4201 549 4243 84.
569 4197 653 4245 Burm.
673 4194 704 4243 ds
724 4195 819 4260 Vectig.
853 4214 903 4263 seq.
915 4200 1003 4249 Jacobs
1018 4192 1170 4245 sd'Antbol.
1187 4200 1230 4247 Gr.
1242 4197 1297 4245 Vol.
1314 4197 1352 4245 ΙΙ.
1372 4196 1406 4245 Ρ.

269 4254 329 4317 Pop.
344 4257 414 4306 Rom.
435 4276 456 4308 c.
477 4260 528 4311 XI·
547 4276 570 4321 p.
592 4266 644 4312 199.
668 4262 771 4309 casaub
790 4261 822 4309 ad
854 4262 909 4312 111.
926 4281 950 4327 p.
963 4270 1003 4312 st.
1020 4272 1045 4309 et
1065 4268 1120 4312 256.
1141 4264 1215 4325 intpp,
1240 4262 1304 4312 Plin.
1325 4261 1408 4324 Epist.

268 4320 334 4369 Suet.
353 4321 426 4385 Vesp.
443 4341 465 4373 c.
483 4330 522 4374 98.
540 4326 639 4377 Saltum.
659 4325 690 4374 de
707 4327 818 4375 usurisc.
856 4328 904 4387 IV,
919 4336 956 4377 11.
974 4328 1097 4376 Bonas
1115 4330 1173 4376 Stat.
1188 4330 1264 4376 Theb.
1280 4328 1333 4383 111.
1350 4332 1406 4377 179.

264 4390 306 4434 ts.
853 4404 877 4441 st
887 4393 919 4442 ad
931 4394 1058 4445 Claudiae.
1071 4393 1097 4442 in
1110 4393 1210 4455 Eutrop
1223 4393 1247 4452 Ι,
1258 4398 1290 4443 23
1301 4408 1349 4457 seq.
