3100 5250
457 528 507 595 m
529 528 693 601 ruvuu.
719 528 817 596 sar.
842 530 919 595 v11.
1190 532 1252 593 an
1289 497 1314 538 ·’

96 705 200 783 plana
228 707 301 786 styli
333 728 354 765 s.
384 704 498 784 graphii
524 718 615 784 parte,
641 728 700 786 qua
723 706 825 779 literae,
849 706 985 764 inferiore
1009 714 1039 762 et
1065 712 1151 762 acuta
1173 714 1271 781 parte*

94 808 176 886 ejus
204 820 346 879 exaratae,
381 828 444 867 cera
476 808 696 869 obducebantor
722 808 976 886 delebanturque3
1011 806 1059 864 vel
1086 805 1186 865 etiam
1199 826 1255 884 pu-

95 907 197 977 mice,
226 919 264 967 ut
290 916 378 987 poeta
401 905 561 983 respexerit
584 904 681 979 βιβλΙα
705 906 900 982 παλίμψηστα,
925 896 1118 973 membranas,
1139 903 1171 961 in
1191 904 1256 981 qui-

94 1008 180 1080 bus,
203 1030 274 1088 quse
296 1008 444 1068 scribenda
464 1018 555 1077 erant,
576 1007 820 1086 primum'verbis
833 1007 1080 1085 concipiebantur,
1108 1014 1138 1063 et
1151 1004 1257 1063 deinde

94 1107 228 1185 scripta
250 1106 369 1185 pumice
389 1104 473 1163 deleri
498 1104 546 1163 vel
572 1105 652 1165 eradi
678 1106 816 1165 solebant
828 1106 852 1143 ¹⁹
870 1139 911 1155 —
932 1112 979 1164 28.
999 1105 1099 1163 Paroa
1123 1098 1202 1172 celle,
1226 1103 1258 1159 in

95 1226 177 1283 qua
199 1228 347 1286 pauperes
365 1208 506 1278 habitant,
528 1220 562 1267 ut
580 1229 627 1286 ap.
649 1210 775 1269 Martial.
799 1209 858 1279 ΙΙΙ,
881 1216 931 1280 48,
954 1218 980 1267 1.
1001 1208 1073 1277 Vll,
1097 1216 1144 1277 19,
1158 1214 1207 1265 21.
1227 1217 1258 1265 et

97 1306 198 1364 certia
212 1307 342 1365 tabulata
355 1326 420 1385 sup.
436 1304 496 1376 111,
513 1314 579 1376 199.
593 1307 646 1366 ubi
659 1302 686 1366 r.
701 1318 763 1366 not
775 1342 818 1357 -
830 1314 879 1376 29.
894 1306 997 1375 reniae,
1018 1306 1079 1373 fias,
1100 1304 1147 1363 vel
1161 1304 1210 1373 sis,
1223 1314 1259 1362 ut

100 1411 219 1487 passim
236 1408 354 1489 {metm
367 1422 398 1470 et
412 1411 513 1469 venire.
526 1412 550 1449 ¹³
644 1412 760 1471 Hedera
783 1432 863 1473 sacra
883 1412 1008 1481 Baccho,
1031 1412 1117 1489 cujus
1137 1400 1258 1470 comites

104 1520 185 1568 sunt
196 1510 313 1577 Marem
336 1510 416 1569 unde
429 1530 464 1569 ea
476 1509 546 1569 olim
560 1514 774 1571 coronabantur
786 1522 881 1591 poetae
895 1522 925 1570 et
939 1523 1075 1577 oratores,
1090 1502 1258 1569 vietorea‘in

106 1630 211 1686 agone
223 1610 336 1668 musico
344 1633 360 1700 ξ
379 1610 431 1687 (cf.
445 1610 484 1669 ad
497 1631 525 1668 v.
540 1609 602 1690 60.)
616 1604 646 1671 ct
661 1614 762 1672 Romae
782 1612 814 1669 in
833 1610 1028 1679 bibliothecis,
1048 1623 1109 1671 tam
1124 1611 1256 1690 privatis,

112 1714 163 1790 (v.
176 1712 216 1771 ad
236 1712 277 1781 ΙΙ,
292 1720 313 1770 4
327 1714 403 1791 seq.)
427 1732 515 1790 quam
540 1713 677 1797 publicis,
700 1715 775 1792 inpr.
797 1713 946 1792 Apollinis
969 1713 1102 1783 Palatini,
1124 1713 1259 1792 imagines

112 1814 160 1888 (v.
173 1812 212 1869 ad
234 1811 293 1881 III,
316 1815 402 1892 219.)
426 1824 457 1871 et
479 1822 580 1873 statuae
602 1814 754 1873 doctorum
775 1834 836 1872 non
856 1814 946 1873 modo
970 1813 1099 1873 dedicari
1123 1813 1259 1872 solebant

109 1910 257 1989 preclaro
270 1910 416 1981 instituto,
432 1912 484 1971 sed
497 1923 527 1970 et
540 1932 654 1991 semper
667 1913 772 1972 virenti
792 1914 900 1973 hedera
913 1913 961 1972 vel
974 1912 1057 1971 lauro
1070 1903 1209 1972 coronari.
1230 1932 1258 1969 v.

113 2014 227 2092 Koenig
241 2014 282 2073 ad
297 2015 377 2074 Pers.
388 2015 466 2073 Prol.
481 2022 508 2074 5.
521 2014 549 2073 6.
564 2028 594 2075 et
607 2015 701 2094 intpp.
716 2015 821 2076 Horret
836 2016 894 2075 ou
910 2017 936 2086 Ι,
952 2024 979 2085 1,
994 2024 1042 2085 29.
1078 2016 1181 2094 ltaque
1194 2034 1259 2075 sen*

114 2132 166 2173 sua
178 2113 211 2171 b.
224 2112 247 2172 l.
262 2126 324 2171 est:
349 2122 383 2172 ut
396 2114 506 2191 dignus
519 2114 580 2184 fias,
595 2110 680 2193 cujus¹
693 2114 792 2192 imago
810 2113 843 2171 in
861 2113 1039 2173 bibliotheca
1058 2115 1210 2175 dedicetur
1230 2124 1260 2172 et

119 2210 276 2275 coronetur
299 2216 429 2287 hedera;
455 2217 485 2274 h.
507 2237 531 2275 e.
553 2228 587 2275 ut
606 2216 714 2275 sarnam
733 2215 860 2276 nominis
873 2216 1065 2294 consequaris.
1161 2202 1261 2293 Imago

119 2335 219 2373 morra
233 2314 263 2374 b.
274 2314 295 2373 l.
307 2326 430 2395 putatur
447 2336 508 2375 esse
521 2337 564 2385 ea,
580 2336 646 2393 quae
659 2315 765 2374 referat
778 2314 901 2373 maciem
914 2333 949 2371 ec
961 2313 1102 2393 pallorem
1113 2324 1216 2390 poetae,
1225 2334 1262 2372 ex

117 2416 238 2476 assiduo
250 2417 350 2475 labore
364 2437 398 2475 ac
412 2417 511 2477 studio
523 2428 712 2487 contractam,
733 2436 793 2495 quo
807 2436 893 2475 sensu
908 2427 938 2475 et
952 2415 1076 2473 Pirenen
1090 2415 1166 2473 forte
1175 2399 1262 2493 palli·

116 2518 183 2577 dem
205 2519 285 2578 dixit
305 2519 421 2578 Persius
434 2520 455 2578 l.
469 2519 488 2577 l.
522 2519 625 2578 Malim
647 2528 746 2577 tamen
765 2518 915 2596 epitheton
937 2518 1045 2577 referre
1064 2517 1102 2575 ed
1122 2516 1263 2576 vilitatem

113 2622 243 2682 honoria
255 2622 335 2682 illius
346 2643 380 2682 ac
393 2622 518 2701 praemii,
540 2621 621 2700 quod
636 2632 699 2680 tum
713 2620 842 2701 indignis
856 2641 940 2700 oeque
952 2641 987 2680 ac
1000 2619 1099 2700 dignis
1112 2620 1262 2680 defereba-

115 2733 184 2790 tur,
205 2741 304 2799 neque
323 2721 422 2790 alebat,
442 2721 553 2780 nedum
567 2720 681 2780 ditabat
700 2731 811 2798 poetas,
827 2722 884 2799 'qui
897 2721 948 2778 illa
966 2731 1051 2781 aetate
1071 2721 1262 2780 conficieban-

118 2833 176 2880 tur
189 2820 290 2898 inopia
302 2831 331 2878 et
343 2820 440 2878 macie.
507 2819 640 2878 Moerum
654 2818 711 2879 dici
725 2817 831 2897 potest,
843 2820 923 2898 quod
933 2819 999 2878 vilis
1011 2819 1168 2898 exiguique
1176 2820 1263 2897 pretii

117 2932 177 2991 eet,
194 2933 229 2982 ut
249 2943 350 3000 synon.
364 2923 434 2981 erile
448 2933 477 2982 et
488 2922 564 2982 Gall.
580 2922 695 3001 muigre,
713 2921 813 2980 Germ.
823 2942 858 2982 ac
868 2923 968 2982 Batev.
979 2941 1082 3002 muger.
1122 2920 1204 2980 Huic
1213 2941 1263 2978 ex·

114 3009 276 3100 plicationi
290 3023 400 3096 iuvent,
415 3044 483 3102 quae
495 3011 626 3101 proxime
638 3031 803 3100 'sequuntur
821 3024 918 3081 verba

160 3131 212 3184 30.
236 3125 312 3205 Sper
324 3127 513 3205 praemiorum
526 3126 582 3185 hac
595 3125 786 3212 retatepoetis
800 3125 877 3184 nullu
892 3123 1014 3195 ulterior,
1035 3121 1101 3192 alia,
1123 3132 1266 3211 emptu-

116 3239 164 3286 ter
180 3226 345 3306 imaginem
358 3228 467 3288 hedera
480 3232 758 3306 coronatamemun
774 3226 898 3288 Romani
913 3226 1011 3284 divites
1031 3222 1064 3284 et'
1077 3223 1159 3282 avari
1177 3223 1265 3281 disn-

119 3340 174 3399 toe,
196 3331 303 3390 doctos
322 3331 454 3391 homines
474 3343 608 3411 artesque
628 3332 770 3412 ingenuas
790 3351 850 3390 non
869 3328 1028 3389 hberaliter
1043 3327 1149 3409 ,fovere
1163 3311 1265 3396 solent,

124 3431 181 3490 sed
193 3432 334 3492 moereri
348 3431 530 3494 solummodo
542 3453 576 3493 ac
591 3435 717 3504 madore,
738 3443 769 3492 et
782 3433 910 3511 quidem,
926 3439 961 3488 ut
974 3429 1095 3491 lunonis
1107 3449 1193 3499 eoem,
1214 3449 1266 3506 pa-

124 3547 234 3586 vonem
250 3530 374 3608 ejusque
387 3530 518 3601 caudam,
532 3531 622 3610 paeri,
638 3531 689 3610 qui
703 3549 781 3589 caeco
791 3527 880 3587 animi
895 3527 1007 3606 impetu
1020 3547 1055 3586 ae
1069 3537 1194 3606 stupore,
1208 3544 1268 3583 non

128 3625 244 3684 ratione
254 3627 418 3706 judiciique
432 3628 591 3688 subtilitate
604 3639 758 3709 reguntur.
789 3633 838 3686 32.
850 3627 917 3699 Sed,
931 3626 1003 3685 dum
1016 3626 1047 3684 in
1061 3625 1158 3686 studio
1171 3625 1268 3684 litera·

128 3747 205 3785 rum
217 3727 308 3786 inutili
323 3729 455 3800 versaris,
466 3729 572 3810 dejicit,
583 3729 654 3800 abit,
667 3738 737 3789 oeter
746 3726 896 3806 juvenilia,
910 3729 1030 3786 robusta
1045 3726 1215 3803 viribusque
1223 3725 1268 3782 in·

128 3840 230 3908 tegra,
251 3850 311 3908 que
326 3832 432 3892 idonee
445 3845 489 3893 est
503 3834 590 3892 rebus
604 3831 740 3910 gerendis
754 3840 785 3889 et
797 3829 899 3908 majori
914 3827 1038 3888 utilitate
1053 3826 1184 3906 impendi
1204 3834 1269 3902 pot-

124 3943 177 3992 est
187 3933 298 4013 pelago,
312 3946 493 4006 mercaturre,
507 3935 621 4005 carneli,
634 3934 755 4003 milities,
781 3943 812 3992 et
825 3931 919 4011 ligeri,
933 3928 1129 4008 agriculturae.
1209 3927 1270 3988 De·

109 4037 194 4117 fluit
206 4037 236 4095 b.
250 4036 270 4095 t
285 4039 430 4117 exquisite
444 4039 587 4117 positum:
609 4057 677 4096 mm
687 4037 783 4116 fleme
795 4045 825 4095 et
844 4031 901 4118 lobi
919 4031 1057 4092 dicuntur
1077 4050 1120 4100 ea,
1141 4049 1207 4107 quoe
1228 4027 1268 4087 ita

157 4241 176 4274 '¹
189 4239 266 4290 Cone
280 4242 411 4291 Rambaob.
425 4243 441 4290 l.
456 4243 473 4291 l.
485 4257 509 4304 p.
523 4249 578 4292 800.
590 4241 640 4290 Cir.
654 4239 684 4289 ad
718 4245 771 4288 118.
786 4246 810 4287 et
827 4238 890 4289 Fae
904 4239 936 4298 V,
948 4243 1003 4288 648.
1018 4235 1093 4297 Vulp.
1106 4244 1130 4285 et
1150 4233 1259 4287 raserat

120 4307 184 4358 Div.
203 4305 254 4363 IV,
265 4312 305 4356 47.
321 4308 385 4367 Vll,
400 4313 437 4356 18.
451 4308 555 4358 Martial.
571 4307 646 4365 XIV,
659 4311 681 4355 7.
716 4304 747 4353 ad
760 4305 831 4366 Prop-
847 4305 869 4360 l,
884 4310 908 4364 5,
919 4311 959 4356 82.
973 4303 1061 4364 noym
1076 4300 1108 4350 ad
1119 4299 1152 4348 Vi
1180 4332 1186 4346 .
1202 4300 1253 4348 AEn

117 4383 145 4421 et
159 4371 256 4421 Camll.
269 4371 365 4430 xxn,
377 4377 399 4422 5.
719 4369 750 4427 V,
768 4375 822 4419 344.
842 4370 908 4429 Vll,
925 4375 980 4419 470.
1001 4377 1025 4416 et
1043 4366 1074 4415 ad
1094 4366 1157 4416 Theo
1176 4398 1184 4414 .
1205 4364 1228 4424 Ι,
1249 4369 1271 4422 2,

155 4438 176 4468 ¹¹
193 4452 219 4482 v.
238 4435 325 4484 licina
341 4435 372 4486 ad
391 4435 463 4486 ond.
485 4438 532 4500 Ep.
555 4439 617 4486 Her.
637 4437 684 4494 1v,
727 4438 767 4484 70.

691 4517 750 4566 Ur·
789 4532 791 4536 ·
