3100 5250
409 465 459 529 IN
482 463 645 529 JUVEN.
671 466 769 531 SAT.
795 465 895 529 XIII.
1172 466 1235 523 523

110 636 176 692 dian.
188 634 220 691 in
236 636 332 699 Rufin.
349 639 373 708 1,
390 647 475 719 lseq.
486 660 517 719 p.
533 647 740 709 1077-1094.
784 642 830 699 De
851 638 1038 715 antiquorum
1052 654 1122 692 vero
1135 634 1231 712 philo·
1275 686 1277 691 ,

110 731 262 809 sophorum
290 735 440 815 theologia
464 740 627 799 accuratius
656 738 844 817 disputarunt
871 735 1061 802 Tiedemann,
1098 734 1233 800 Meiners.

109 835 193 895 Bnble
205 849 237 895 et
252 838 451 900 Tennemann.
533 841 625 901 omnic
635 850 751 919 posunt,
766 826 866 900 omnes
879 860 925 897 res
938 837 1080 895 humanas
1094 836 1235 895 contineri

108 936 274 999 existiment.
289 975 331 988 —
345 948 393 1008 87.
407 942 517 1013 moueri,
532 943 699 1021 gubernari.
741 948 789 1001 88.
805 941 919 999 Natura
933 939 1053 999 uoluente
1072 936 1151 1004 uices
1173 957 1235 994 mo·

107 1036 216 1097 derante
233 1038 459 1112 vicissitudines,
474 1052 508 1101 ut
520 1062 567 1120 ap
583 1041 668 1120 Virg.
682 1040 747 1099 AEn.
764 1040 824 1110 ΙΙΙ,
840 1038 908 1106 376.
922 1050 952 1098 et
972 1036 1158 1097 Claudianin
1173 1035 1234 1093 Ru·
1314 1080 1317 1088 .

107 1135 151 1195 fin.
162 1137 185 1208 1,
199 1136 230 1197 6.
242 1139 293 1197 ubi
307 1159 337 1198 v.
351 1140 450 1200 Barth.
465 1175 507 1189 -
520 1148 570 1210 89.
585 1140 698 1200 Altaria
710 1148 839 1219 tangunt,
862 1140 912 1217 qui
934 1137 980 1197 vel
991 1144 1166 1214 precantur,
1187 1134 1235 1193 vel

104 1238 202 1315 jurant.
248 1241 332 1299 Ccuf.
347 1242 387 1301 ad
401 1242 486 1316 xlv,
500 1250 571 1314 219.

138 1348 286 1409 90-105.
301 1344 444 1418 Praeclare
456 1347 641 1426 perjurorum
655 1347 771 1405 animus
787 1345 986 1404 adumbratur.
1001 1378 1039 1393 -
1056 1350 1105 1412 93.
1119 1341 1234 1420 Perjuri

105 1440 137 1497 ab
155 1440 226 1519 ipsis
248 1444 315 1503 Diis
335 1465 423 1523 poena
437 1459 467 1507 et
479 1446 656 1527 plerumque
679 1448 800 1527 quidem
823 1446 969 1527 praesenti,
993 1444 1069 1524 inpr.
1094 1443 1233 1513 caecitate,

103 1542 231 1603 mulctari
244 1548 437 1609 credebantur
450 1560 481 1609 et
493 1553 531 1611 ab
546 1551 633 1611 Iside.
675 1552 759 1610 Conf.
775 1550 865 1611 Ovid.
881 1554 983 1611 Amor.
1000 1548 1058 1617 ΙΙΙ,
1075 1555 1104 1619 3,
1122 1555 1146 1605 1.
1162 1555 1190 1605 2.
1204 1556 1234 1605 et

102 1664 134 1701 ex
147 1644 240 1706 Ponto
254 1649 280 1719 1,
297 1659 323 1720 1,
339 1657 373 1711 51
390 1672 451 1730 seq.
474 1652 565 1733 Apul.
588 1652 660 1713 Met.
683 1654 771 1712 vul.
785 1674 816 1731 p.
832 1660 903 1722 213,
918 1661 946 1721 9.
962 1651 1007 1709 ed.
1030 1650 1106 1707 Elm.
1127 1650 1234 1708 Jacobs

102 1748 134 1805 ad
146 1750 267 1811 Anthol.
284 1754 336 1813 Gr.
349 1755 417 1816 vol.
432 1756 474 1816 11.
491 1758 521 1816 Ρ.
537 1757 578 1816 ΙΙ.
593 1778 623 1836 p.
638 1756 706 1818 466.
721 1770 751 1817 et
763 1756 919 1817 Jablonski
941 1752 1044 1814 Panth.
1060 1751 1181 1830 AEgypt.
1198 1751 1232 1809 T.

103 1848 248 1928 1.p.111.
267 1863 332 1916 112.
353 1851 405 1918 ubi
425 1871 535 1932 monet,
558 1880 696 1938 magnam
719 1880 834 1937 semper
854 1859 944 1919 fuisse
963 1870 993 1917 et
1013 1878 1074 1917 esse
1094 1855 1182 1915 hodie
1203 1856 1233 1913 in

98 1951 229 2029 AEgypto
241 1973 387 2013 coeoorum
401 1957 630 2027 multitudinem,
646 1958 722 2016 hanc
736 1978 806 2015 vero
820 1958 982 2017 caecitatem
997 1976 1014 2013 a
1027 1956 1233 2034 superstitiosis

97 2049 263 2114 hominibus
287 2056 373 2115 Isidis
392 2058 451 2126 iras,
478 2078 538 2116 non
558 2057 740 2117 naturalibus
760 2060 863 2126 causis,
885 2058 984 2117 tribui.
1027 2059 1108 2117 Idem
1128 2059 1165 2117 de
1179 2059 1238 2130 hac,

95 2146 158 2209 Dca
172 2153 292 2229 copiose
304 2154 367 2231 egit
378 2155 451 2214 ibid.
465 2155 501 2213 T.
517 2156 558 2213 11.
573 2175 603 2233 p.
619 2164 638 2215 3
652 2176 713 2234 seq.
811 2155 899 2214 Iridis
918 2168 1015 2214 autem
1028 2176 1108 2213 sacra
1121 2177 1137 2213 e
1150 2177 1233 2232 pere-

93 2251 188 2327 grinis
202 2253 329 2314 maxime
341 2257 481 2335 vigebant
495 2258 596 2317 Romae
609 2269 639 2317 et
652 2256 933 2336 superstitiosissime
947 2257 1116 2333 agebantur.
1148 2259 1233 2317 Conf.

94 2353 128 2411 sd
143 2352 201 2422 vl,
217 2361 386 2417 sar-541.
401 2359 476 2428 XII,
497 2366 545 2419 28.
569 2371 599 2420 et
620 2360 728 2439 Heyne
747 2359 788 2420 ad
811 2359 921 2419 Tibull.
938 2359 964 2430 Ι,
980 2366 1009 2429 3,
1025 2366 1063 2417 23
1078 2380 1137 2438 seq.
1180 2360 1231 2418 Ad

96 2452 169 2511 banc
183 2472 289 2513 vanam
309 2458 544 2535 superstitionem
560 2459 815 2537 perstringendam
834 2468 946 2537 spectat
966 2458 1076 2517 mentio
1098 2458 1183 2519 Isidis
1203 2469 1233 2518 et

98 2549 179 2620 sistri,
195 2571 257 2631 quo
273 2554 349 2613 irato
371 2556 427 2615 dea
450 2556 564 2626 lumina,
588 2558 696 2630 oculos,
720 2570 856 2617 excutere
874 2558 1004 2637 fingitur.
1100 2557 1231 2629 Sistrum,

100 2652 304 2736 (lsiskispper)
327 2679 387 2736 quo
401 2659 470 2717 olim
484 2660 646 2720 sacerdotes
671 2660 758 2720 Isidis
778 2661 948 2719 accinebant
967 2660 1011 2730 iis,
1035 2659 1086 2739 qui
1106 2671 1232 2720 mortem

103 2751 223 2813 Osiridis
236 2755 442 2817 lamentatione
455 2758 682 2837 complorabaut,
704 2770 766 2818 erat
779 2778 892 2820 aeneunr
905 2759 1123 2838 rotundumque
1137 2759 1231 2839 crepi-

106 2855 239 2927 taculnm,
253 2879 272 2916 a
285 2862 395 2931 eadee,
409 2870 573 2930 concutere,
588 2861 630 2919 sic
639 2860 763 2930 dictum,
780 2861 811 2919 in
819 2862 903 2940 cujus
913 2872 998 2939 parte
1009 2863 1156 2938 superiore
1167 2863 1232 2922 ielis

98 2979 161 3018 cum
174 2957 251 3017 facie
262 2957 400 3028 humana,
416 2958 445 3017 in
462 2958 599 3018 inferiore
613 2960 668 3019 Isis
680 2961 795 3038 sculpta
808 2973 878 3020 erat.
920 2961 994 3039 Ejus
1011 2981 1065 3038 per
1084 2970 1231 3038 oneratam

102 3055 236 3124 laminam,
250 3056 281 3113 in
295 3056 403 3115 modam
424 3057 507 3116 baltei
527 3065 710 3126 resurr-cctam,
734 3057 861 3135 trajecta
880 3057 976 3115 rnedioe
991 3077 1092 3135 poucoe
1105 3057 1231 3135 virgula,

101 3155 234 3232 cuspcate
246 3154 360 3212 bruchio
372 3155 537 3233 tergeminos
540 3156 650 3233 jactas,
667 3153 817 3214 reddebant
831 3162 962 3234 argutum
975 3173 1107 3226 acriorem,
1121 3166 1156 3214 ut
1165 3167 1230 3214 utar

101 3256 189 3315 verbis
202 3256 297 3334 Apul.
312 3257 383 3315 Met.
399 3257 456 3317 xl.
470 3277 501 3336 p.
517 3264 587 3327 238,
602 3264 651 3316 38.
660 3256 685 3295 ¹⁶
921 3305 924 3311 .

136 3363 182 3424 93.
204 3354 283 3414 Alie
296 3375 401 3434 poenoe,
422 3376 489 3434 qnae
508 3355 634 3435 perjuris
646 3356 822 3434 infliguntur
836 3358 873 3415 ab
886 3357 967 3416 iratis
977 3357 1046 3418 diis.
1127 3359 1230 3418 Pheri-

104 3455 146 3525 sis,
158 3450 351 3533 pba‘sar,‘tabss
363 3455 451 3515 lenta
539 3455 653 3516 Vomicc
662 3464 770 3534 putres,
786 3455 883 3514 ulcera
896 3457 1024 3534 putrida,
1041 3471 1228 3538 apostemata,

103 3555 246 3615 abmssus
266 3555 387 3633 maligui
406 3555 488 3633 puris
508 3554 600 3633 pleni.
681 3554 754 3613 Sunt
772 3555 846 3614 tanti
858 3555 1035 3630 aestimanda,
1057 3569 1163 3619 utnon
1178 3557 1231 3617 eli·

104 3668 203 3732 gantur
217 3678 286 3717 cum
299 3658 406 3737 opibus
418 3669 449 3718 at
460 3657 605 3736 patienter
618 3657 776 3716 ferantur?
797 3666 817 3693 “
831 3657 939 3718 Melius
952 3671 997 3724 est
1009 3675 1149 3740 egrotare
1163 3681 1231 3721 cum

104 3753 215 3827 divitiis,
230 3776 318 3835 quam
333 3776 395 3816 asse
408 3775 512 3815 sanum
523 3757 711 3836 pauperem,”
725 3754 821 3814 Soboi.
863 3756 911 3825 96.
933 3758 1096 3840 Podagram
1110 3759 1235 3838 locuple·-

133 3994 149 4025 ¹¹
168 4013 188 4047 r.
216 3997 281 4046 Plus.
305 3997 335 4046 ds
358 3999 391 4047 Is.
417 4009 440 4047 et
469 3997 532 4048 Osis.
556 4014 577 4047 e.
608 4003 647 4048 63.
682 3999 741 4047 stin
758 4005 885 4046 comment
897 4011 921 4058 p.
933 4003 989 4047 366.
1008 3996 1093 4045 tustra
1108 4011 1171 4059 geru.
1190 4011 1230 4045 sn.

105 4059 228 4111 brattea
247 4073 271 4112 st
288 4063 379 4126 Heyne
393 4063 423 4112 sd
436 4062 525 4113 tttott
540 4063 563 4120 Ι,
572 4068 597 4121 3,
609 4069 648 4112 24.
684 4064 715 4112 Τ.
735 4062 774 4110 ΙΙ.
793 4071 810 4110 t.
828 4067 849 4110 1.
863 4065 886 4109 2.
899 4066 923 4109 3.
942 4063 1014 4124 spon.
1035 4071 1084 4110 snt.
1105 4076 1169 4109 mou.
1190 4063 1233 4112 Ja-

108 4124 325 4192 lsidcr.0rig.11‚
343 4135 381 4176 21.
403 4129 456 4185 ΙΙΙ,
477 4133 515 4175 13.
536 4129 599 4176 Serv.
619 4127 649 4176 sd
680 4128 774 4176 blouski
791 4127 806 4174 Ι.
826 4126 842 4174 l.
864 4125 981 4176 bachiarii
1001 4135 1026 4175 et
1045 4125 1118 4174 Tullii
1137 4125 1190 4173 diss
1207 4126 1233 4174 in

106 4187 170 4254 Virg.
183 4193 241 4240 AEn.
262 4192 344 4250 VIII,
362 4200 417 4243 696.
443 4193 544 4241 Fabricii
564 4192 647 4256 Antiq.
683 4193 739 4240 vot
761 4191 825 4240 v11.
851 4193 925 4240 'lber-
951 4193 1041 4248 Grau,
1063 4191 1165 4240 Fabrstti
1189 4191 1232 4239 In·

105 4268 125 4314 p·
136 4261 187 4306 808.
203 4258 293 4306 Ssbctti
307 4258 377 4308 Obss.
390 4258 427 4316 ΙΙ,
437 4258 542 4320 6.intpp.
556 4258 650 4306 Petron.
681 4258 771 4318 scriptt.
788 4273 812 4320 p.
826 4263 882 4308 467.
898 4263 954 4306 488.
975 4255 1092 4320 Biittigeri
1110 4257 1195 4306 Sabina
1206 4274 1229 4318 p.

109 4321 268 4384 utam
279 4322 335 4381 ΙΙΙ,
344 4330 367 4380 9,
376 4329 416 4371 43.
430 4325 526 4372 Gruter.
541 4323 647 4383 Inscript.
685 4329 740 4371 204.
760 4329 816 4373 203.
837 4323 960 4372 Creuser's
978 4321 1099 4386 Symbolik
1119 4323 1149 4371 T.
1170 4323 1192 4371 1.
1207 4339 1230 4386 p.

106 4389 172 4441 1²82.
186 4393 243 4435 uz.
257 4393 314 4435 stt.
330 4387 382 4453 (ubi
394 4388 474 4453 imago
484 4387 545 4436 sistri
556 4403 649 4450 expres-
682 4391 742 4436 335.

107 4450 183 4515 Μ)
197 4451 272 4501 Oisei.
287 4453 358 4501 Tbss.
372 4468 439 4502 num.
452 4455 549 4503 subdi.
560 4458 648 4502 etll't.

624 4539 707 4587 ΙΙΙ4
