3100 5250
288 495 332 555 aa
661 434 1054 555 conunnnn'nws

286 668 381 723 mita
395 670 426 721 et
438 661 575 732 mum,
601 661 677 741 inps.
698 682 769 723 vero
790 664 912 724 Salmas.
932 664 972 723 ed
995 662 1085 722 Solin-
1105 678 1137 738 p·
1159 667 1218 726 735
1239 678 1300 737 seq·
1342 659 1434 720 conf.

286 760 415 823 Martial.
432 760 624 831 v111,51,9.
667 762 732 821 Stat
751 783 838 842 cuper
858 762 955 832 AEolio,
971 761 1021 841 (nl.
1036 761 1065 820 in
1083 758 1205 839 phiala)
1231 757 1360 819 Thebani
1372 758 1434 819 vel·

285 862 341 921 lere
356 861 460 921 Phrixi
475 860 581 929 Cultus,
596 860 683 921 Ovio.
700 862 771 919 Met.
789 861 828 931 V,
846 868 894 922 81.
914 860 980 919 ultis
993 867 1144 919 enatantem
1156 856 1246 937 signis
1259 863 1382 925 crotera,
1399 868 1433 918 et

286 960 379 1041 ejusd.
394 960 465 1019 Met
481 960 556 1029 XII,
570 966 639 1019 235.
680 958 931 1039 Fortejititjuato
944 957 1034 1038 signia
1049 956 1221 1017 exstantibus
1240 977 1326 1035 asper
1345 957 1430 1017 Anti-

285 1082 357 1144 quus
368 1070 468 1121 crater.
479 1096 519 1109 -
531 1068 578 1127 77.
599 1059 728 1129 dormire,
753 1058 847 1132 silere,
868 1079 966 1139 neque
979 1060 1018 1118 nd
1031 1060 1149 1119 satiram
1168 1057 1351 1119 sculsmdsm
1369 1058 1431 1117 im·

286 1164 364 1245 pelli.
430 1170 583 1245 corruptor,
601 1172 756 1241 stuprator,
776 1183 874 1233 nursia,
892 1164 955 1241 ipse
977 1182 1066 1223 socer.
1136 1182 1241 1233 auurae,
1256 1184 1324 1242 quae
1336 1182 1431 1243 pecu-

285 1269 342 1329 niae
362 1266 471 1346 cupida
484 1286 514 1327 se
528 1264 675 1343 corrumpi
694 1278 724 1324 et
744 1264 916 1345 pudicitiam
929 1284 1013 1325 suum
1025 1264 1197 1325 muneribus
1211 1269 1374 1345 expugnari
1388 1270 1431 1328 ab

285 1365 418 1427 adultero
433 1363 500 1442 (qui
514 1362 583 1423 inde
596 1383 695 1442 propr.
711 1372 857 1442 corruptor
872 1363 995 1443 dicitur)
1015 1384 1101 1443 passo
1113 1375 1165 1424 est„
1208 1365 1283 1424 Sunt
1296 1366 1346 1445 qui
1360 1366 1432 1427 hoeo

284 1468 413 1527 referant
432 1466 470 1525 ad
492 1464 624 1525 Silanum
640 1476 670 1525 et
682 1466 806 1526 Iuniam
822 1465 990 1525 Caluinam:
1014 1468 1067 1527 sed
1081 1466 1130 1527 ille
1143 1468 1243 1538 frater,
1263 1488 1323 1527 non
1343 1490 1431 1529 socer

285 1564 384 1627 Juniae
404 1564 462 1624 fuit
481 1583 578 1643 neque
597 1584 663 1623 eam
683 1564 807 1623 vitiavit.
828 1582 856 1622 v.
871 1566 941 1624 Tac.
956 1566 1036 1623 Anu.
1059 1563 1133 1633 IIII,
1149 1571 1176 1624 4.
1190 1575 1220 1626 et
1231 1564 1273 1625 ibi
1295 1566 1431 1644 Lips—

286 1676 335 1738 78.
350 1688 456 1751 speum
476 1678 580 1749 turpes,
604 1669 661 1728 viri
680 1668 751 1729 viris
765 1666 953 1727 nubentss³³
1031 1674 1218 1745 pretextatus
1238 1667 1358 1738 adulter,
1378 1668 1431 1728 vel

285 1790 361 1851 puer
372 1769 489 1838 nobilis,
503 1770 555 1848 qui
568 1769 702 1829 nondum
715 1787 850 1847 egressus
863 1787 974 1827 annum
989 1766 1056 1826 XV.
1070 1776 1101 1825 et
1113 1767 1145 1825 in
1158 1778 1300 1846 praetexu
1319 1768 1431 1841 adhuc,

286 1870 390 1931 didicit
402 1868 568 1930 adulterum
581 1888 668 1947 agere
682 1888 716 1929 ac
729 1867 892 1947 predicatur
899 1889 909 1939 3
930 1866 978 1926 vel
991 1866 1165 1944 magistratu
1185 1866 1246 1926 sive
1266 1868 1433 1929 sacerdotio

286 1969 437 2048 proditus,
473 1988 560 2047 quem
588 1968 721 2027 omnium
748 1966 875 2026 maxime
901 1965 966 2025 haec
995 1964 1108 2042 flagitis
1134 1964 1227 2025 vitare
1254 1968 1433 2044 oportebot3

287 2072 418 2132 Gronov.
500 2069 666 2131 Pneteetuti
673 2072 863 2139 vocabantur,
874 2069 1052 2147 quicumque
1057 2075 1204 2147 pretextu,
1213 2077 1282 2145 toga
1292 2067 1368 2139 albe,
1378 2070 1431 2127 cui

281 2178 436 2251 patmus
448 2170 557 2231 limbus
569 2188 747 2249 purpureus,
770 2170 936 2239 utebantur,
957 2168 1033 2247 inpr.
1047 2168 1241 2246 magistram,
1262 2167 1432 2227 sacerdotes

286 2282 317 2331 et
330 2272 415 2351 pueri
429 2272 550 2349 ingenui
563 2290 598 2331 ec
612 2269 735 2341 nobiles,
749 2269 802 2347 qui
816 2268 938 2347 quidem
951 2267 1036 2346 pueri
1049 2286 1113 2326 cem
1126 2267 1203 2326 forte
1215 2267 1380 2345 gestnbent,
1393 2278 1433 2327 ut

286 2369 402 2449 generis
415 2368 551 2429 nobilitas
563 2368 717 2429 manifesta
737 2377 823 2439 esset,
845 2366 906 2437 sed,
927 2367 952 2425 si
966 2366 1117 2426 Macrobio
1129 2366 1190 2424 Sst.
1205 2366 1232 2436 1,
1246 2364 1275 2424 6.
1288 2374 1319 2425 et
1332 2364 1433 2438 Quin·

284 2466 328 2527 til.
343 2465 466 2526 declam.
481 2472 549 2525 340.
563 2466 636 2525 fides
649 2465 794 2535 habenda,
807 2474 843 2525 ut
854 2466 893 2525 ab
906 2463 988 2523 omni
1001 2464 1109 2543 injuris
1121 2474 1218 2523 esseut
1230 2463 1296 2533 tuti,
1318 2463 1433 2542 quique

285 2584 351 2623 sem
365 2564 485 2622 ineunte
498 2582 575 2623 anno
588 2562 656 2623 vitae
671 2560 738 2621 XV.
753 2582 823 2623 cum
835 2571 906 2643 toga
917 2562 996 2621 ritili
1015 2563 1244 2644 permutebsut3
1264 2562 1303 2622 de
1320 2582 1381 2642 quo
1399 2582 1431 2622 v.

285 2661 325 2720 sd
339 2661 408 2720 Tsc
422 2661 502 2718 Ann.
520 2667 566 2730 12,
581 2667 617 2719 41
635 2679 681 2739 pr.

326 2766 374 2826 79.
389 2757 424 2816 Si
437 2764 541 2818 nutura
554 2766 637 2837 negot
652 2777 790 2820 ausuum
802 2758 1005 2819 &undosum
1017 2759 1206 2820 faculutem:
1221 2780 1300 2832 nam,
1312 2771 1349 2822 ut
1363 2781 1431 2821 vcr-

196 2859 198 2864 ’
284 2867 323 2926 bn
335 2862 395 2922 Cic.
408 2881 463 2941 pro
475 2859 565 2920 Archi
580 2881 605 2922 c
621 2869 649 2942 8.
664 2881 730 2922 mea
742 2862 858 2933 faciam,
879 2871 1035 2922 ceterorum
1048 2883 1141 2923 rerum
1154 2863 1247 2923 nuato
1260 2873 1286 2922 et
1300 2863 1432 2923 docttim

284 2974 311 3028 et
319 2965 471 3046 praecptis
483 2973 509 3024 et
522 2973 585 3024 arte
604 2973 751 3032 comtum
773 2974 859 3046 poeto
878 2973 983 3025 aduro
1001 2967 1066 3046 ipsu
1085 2968 1158 3027 uolet
1171 2975 1197 3026 et
1209 2967 1304 3027 mentis
1324 2967 1433 3028 uiribus

285 3067 424 3128 nodatur
436 3076 463 3126 et
476 3066 557 3146 quusi
569 3065 662 3126 diuino
682 3067 799 3146 quodum
819 3066 921 3146 spiritu
941 3067 1069 3146 ἕψων.
1152 3068 1317 3150 indignatio,
1339 3085 1431 3146 quam

284 3177 330 3230 tot
341 3179 461 3246 tumque
473 3165 555 3226 varia
568 3164 687 3244 flagitia,
711 3164 809 3226 ubivis
828 3165 900 3236 visa
925 3164 974 3225 vel
997 3176 1147 3244 comperta
1166 3177 1198 3226 et
1216 3165 1346 3244 vulgata,
1365 3185 1430 3226 mo-

284 3275 363 3324 vent.
444 3284 549 3335 unm,
564 3263 661 3344 quales
673 3283 731 3342 ego,
743 3264 788 3324 uel
803 3263 953 3324 Cluuienus
965 3263 1051 3323 facite
1072 3263 1148 3324 illud
1160 3265 1293 3324 modeste
1305 3264 1430 3335 dictum,

283 3365 341 3426 hoc
355 3367 511 3433 σκωπαῶς.
554 3367 701 3428 Clituienus
725 3367 773 3426 vel
791 3368 894 3428 fictum
915 3368 962 3428 vel
982 3388 1087 3429 vuum
1106 3388 1214 3429 nomen
1232 3367 1302 3428 meli
1321 3378 1428 3446 poete,

285 3469 370 3547 cujus
389 3487 449 3528 non
469 3468 539 3528 alibi
559 3469 593 3529 lit
612 3471 723 3532 mentio
732 3494 743 3543 ς
771 3470 829 3530 nisi
847 3472 947 3532 forsan
969 3492 1016 3551 ap.
1038 3472 1155 3532 Ennod.
1178 3473 1235 3551 Ep.
1249 3471 1287 3542 V,
1304 3478 1331 3531 8.
1352 3471 1430 3530 etin

284 3573 368 3652 prael'.
383 3591 471 3632 carm.
487 3571 525 3630 ad
539 3571 681 3633 Faustum
701 3595 757 3654 pro
780 3573 948 3634 Glutidenae
960 3585 991 3635 et
1007 3574 1178 3635 Gluhidenus
1191 3573 1249 3653 leg.
1267 3573 1430 3643 Cluuienus,

288 3695 356 3754 quae
368 3675 544 3753 conjecturae
558 3674 650 3734 Gron.
665 3677 696 3735 iu
711 3677 798 3739 Obss
813 3678 856 3750 II,
872 3685 921 3737 22.
933 3677 1061 3738 maxime
1073 3679 1236 3757 probantur
1251 3676 1431 3738 Heineckio.

285 3784 305 3811 ‘⁴
320 3773 441 3834 Satirice
461 3773 490 3832 h.
504 3772 524 3830 1.
539 3772 691 3834 Iuvenalis
710 3776 848 3837 meritum
870 3797 957 3836 suum
976 3785 1126 3847 extenuat,
1146 3787 1181 3835 ut
1199 3774 1336 3834 licentius
1356 3774 1429 3834 Clu·

158 3883 159 3888 ’
284 3873 404 3933 visuum
418 3882 536 3950 carpat:
560 3871 653 3931 solent
667 3883 766 3934 autem
780 3885 875 3952 poetae
896 3873 1004 3934 satirici
1018 3875 1147 3934 breviter
1160 3886 1191 3934 et
1205 3874 1357 3933 urbaniter
1375 3893 1431 3953 per

282 3977 437 4038 transitum
452 3975 585 4035 homiues
599 3985 709 4045 notare,
731 3987 761 4035 et
774 3977 806 4036 in
819 3977 918 4039 medio
931 3976 1066 4038 discursu
1084 3977 1207 4055 obliquo
1219 3977 1348 4056 aliquem
1368 3977 1430 4037 dis·

283 4097 380 4140 secare
394 4080 456 4140 ictu
465 4101 476 4151 ;
486 4081 502 4102 ”
523 4081 595 4139 Brit.
612 4089 642 4138 st
657 4077 768 4156 Grang.

325 4177 454 4238 81-86.
477 4177 536 4238 His
549 4175 691 4247 versibus,
705 4177 842 4255 prooemii
862 4177 928 4237 Ioco
940 4177 1065 4258 scriptis,
1086 4177 1253 4238 continetur
1272 4195 1432 4256 argumen-

314 4363 450 4426 ”cason
465 4365 761 4421 ndv.se.int.11,117.
784 4369 837 4412 ¹34.
876 4365 977 4430 Heius.)
1006 4369 1064 4418 Tuc-
1088 4369 1157 4416 Aun.
1181 4363 1243 4420 XV,
1263 4369 1305 4413 ³7.
1320 4364 1385 4477 J(tuli
1407 4380 1431 4411 r.

284 4429 389 4479 Martini·
411 4429 477 4484 1111,
497 4437 536 4480 42.
558 4433 623 4480 Suet.
638 4431 696 4478 Nar.
713 4435 754 4480 99·
772 4430 837 4479 Geli.
874 4431 957 4494 Lips.)
973 4445 997 4482 ot
1013 4433 1087 4483 Koeui
1122 4432 1152 4482 sd
1173 4429 1300 4480 Claudias.

283 4495 349 4554 vn,
369 4499 407 4544 12.
433 4495 505 4543 Ouid.
524 4497 555 4544 Α.
578 4499 609 4545 Λ.
631 4496 654 4555 I,
672 4500 726 4546 524.
745 4495 799 4561 (ubi
814 4511 836 4544 v.
872 4501 927 4545 923.

1350 4429 1432 4487 VIII,
