3100 5250
406 452 458 517 IN
478 452 642 521 JUVEN.
666 454 766 521 snT.
791 454 887 521 XIV.
1162 462 1224 521 355

92 631 133 693 12,
149 629 177 681 4.
192 632 224 683 et
243 624 380 707 uterium
393 627 432 687 ed
444 626 549 689 Cetull.
570 628 655 699 LXI,
678 628 759 709 166.)
848 638 1002 709 premetur,
1022 631 1219 705 mffocabitur,

90 725 325 804 strurguiobitur.
406 713 514 809 quibus,
527 748 618 808 quum
630 728 774 792 scelestis!
795 730 851 791 nisi
865 731 949 793 mulis
966 742 1039 810 post,
1052 732 1149 811 digitis
1161 732 1220 812 sig·

90 842 151 881 num
166 824 311 905 interrog.
331 847 450 905 ponere,
475 838 509 887 ut
528 848 629 887 sensus
649 828 704 888 sit:
726 829 903 907 quibusnam
925 829 989 889 eliis
1012 850 1100 908 quum
1124 831 1222 890 mariti
1280 844 1281 849 ’

90 922 137 993 sui,
158 923 213 1002 qui
236 936 307 985 tuus
331 938 376 986 est
399 908 500 987 ilius?
540 926 603 985 Alii
623 927 661 986 de
681 926 782 1007 digitis
802 929 916 988 aconito
935 928 1050 989 infectis
1063 929 1219 1008 accipiunt,

89 1025 147 1085 coll.
161 1025 242 1087 Plin.
256 1028 391 1100 XXVII,
405 1038 433 1089 2.
477 1030 593 1089 Conrtot
605 1030 724 1091 omnium
738 1050 899 1092 uenenorum
919 1030 1072 1091 ocissimum
1086 1051 1144 1090 erre
1156 1052 1219 1091 oco-

87 1127 164 1186 ritnm
177 1140 205 1190 et
222 1130 305 1189 tortis
321 1152 426 1211 quoque
442 1131 612 1211 genitalibus
618 1130 762 1209 seminini,
779 1152 862 1191 resur
882 1132 1042 1192 animalium
1065 1134 1154 1193 cudero
1176 1132 1221 1195 die

86 1229 185 1307 inferre
197 1241 321 1293 mortem.
364 1233 429 1293 Hoc
438 1232 505 1312 fuit
519 1232 665 1303 ‘uenenum
685 1254 739 1313 qno
756 1234 915 1295 interemtos
935 1236 1096 1296 dormientes
1119 1235 1221 1297 uCal·

82 1334 179 1411 pumio
192 1334 296 1394 Bestia
307 1356 408 1395 urorer
419 1338 465 1397 Μ.
477 1335 608 1397 Coeeiiius
620 1344 767 1395 occurotor
779 1336 877 1416 objecit
888 1360 908 1396 :=
922 1335 987 1422 irinc
1000 1338 1050 1396 ilio
1063 1346 1145 1399 otroe
1154 1360 1220 1419 per·

86 1435 168 1494 oratio
179 1437 248 1514 ejus
260 1437 290 1502 in
304 1437 429 1518 digitum.
470 1445 539 1498 223.
554 1438 642 1498 caede
655 1438 710 1499 sibi
723 1438 840 1499 facilins
858 1439 974 1501 divitius
987 1442 1110 1520 parabit,
1132 1462 1222 1521 quum

85 1537 220 1597 erumnis
232 1546 311 1597 terra
323 1537 449 1618 murique
461 1537 627 1598 tolerandis.
669 1546 738 1598 224.
754 1538 900 1619 Magnum
915 1541 1019 1615 scelus,
1034 1541 1114 1620 quod
1128 1560 1221 1619 qurer-

87 1650 200 1700 tnosum
215 1653 269 1711 est,
284 1641 387 1712 coedes,
401 1640 480 1701 facili
492 1641 611 1720 negotio
623 1652 818 1721 perpetratur.

122 1746 295 1805 227-232.
316 1739 505 1820 Quicumque
517 1760 625 1821 pueros
637 1761 729 1819 opum
742 1763 843 1803 umore
856 1755 886 1804 et
899 1744 1059 1824 cupiditate
1072 1742 1179 1803 imbuit
1192 1752 1222 1802 et

86 1837 201 1898 eosdem
215 1839 284 1899 iero
294 1839 408 1908 mnnita,
422 1839 566 1917 perversis
580 1840 772 1921 inisustisque
785 1843 947 1923 praeceptis,
964 1864 1065 1905 ooaror
1079 1841 1221 1923 producit,

84 1941 202 2014 format,
220 1942 316 2011 efficit,
332 1941 375 2018 (v.
388 1942 428 2000 ud
442 1942 497 2012 VI,
511 1944 596 2020 241.)
619 1943 644 2002 is
668 1944 770 2003 similis
791 1956 836 2004 cst
857 1947 978 2025 surigae,
1001 1948 1053 2026 qni
1073 1946 1221 2015 curriculo,

84 2043 175 2121 equis,
197 2044 247 2102 dot
260 2043 412 2101 tibertmem
425 2051 452 2101 et
465 2042 666 2123 toiotsseffundii
680 2045 813 2115 habenas,
833 2045 862 2104 11.
877 2068 902 2105 e.
922 2049 947 2107 is
967 2048 1033 2107 filiis
1046 2049 1094 2107 dut
1109 2050 1223 2108 liberia-

83 2154 131 2204 tem
146 2144 375 2205 immoderatum
388 2142 436 2202 vel
449 2144 574 2221 quodvis
587 2144 682 2204 scelus
695 2145 835 2216 audendi,
856 2148 881 2207 is
900 2148 932 2206 in
945 2149 1095 2209 effrenatus
1108 2170 1157 2209 eos
1170 2170 1222 2210 cu·

81 2249 224 2326 piditates
237 2259 267 2306 et
281 2246 391 2325 quaevis
411 2244 520 2305 scelera
540 2264 650 2325 pronos
671 2246 758 2306 faciet
778 2248 944 2326 frustraque
969 2248 1076 2307 deinde
1096 2271 1113 2309 u
1135 2267 1224 2308 cursu

82 2350 167 2429 quusi
182 2360 216 2424 et
227 2348 351 2427 impetu,
371 2368 432 2428 quo
444 2348 475 2407 iu
488 2348 599 2427 flagitis
613 2345 758 2421 feruntur,
779 2348 845 2409 illos
858 2369 993 2411 revocure
1007 2350 1169 2431 conabitur,
1189 2360 1224 2409 ut

83 2452 197 2531 surige,
212 2452 263 2529 qui
276 2450 360 2530 equis
373 2450 404 2509 in
418 2450 497 2509 circo
510 2450 695 2510 currentibus
707 2449 836 2510 hebenus
849 2452 890 2511 itu
903 2452 1034 2522 remittit,
1055 2462 1098 2522 ut,
1119 2451 1144 2511 si
1157 2470 1224 2511 cur·

86 2572 148 2611 sum
163 2549 274 2609 deinde
288 2548 359 2613 velit
371 2546 513 2617 inhibere,
530 2568 589 2608 non
603 2549 704 2628 possit.
744 2549 929 2630 Comparatio
948 2549 1097 2630 aptissima
1117 2570 1225 2609 venus-

86 2652 264 2729 tissimsque,
284 2670 303 2707 a
322 2649 400 2710 circo
419 2650 521 2728 petite.
561 2649 644 2708 Conf.
666 2649 750 2728 Virg.
772 2651 827 2710 Ge.
848 2651 873 2720 1,
889 2658 946 2711 512
962 2671 1021 2730 seq.
1050 2651 1098 2710 De
1112 2671 1139 2710 v.
1153 2659 1224 2720 229.

89 2775 112 2811 v.
127 2755 197 2812 Vur.
213 2751 295 2810 Lect
353 2826 357 2832 .
376 2759 449 2810 totos
461 2750 580 2831 effimdit
593 2751 724 2821 damnor,
736 2762 826 2831 utep.
838 2751 920 2831 Virg.
936 2751 1001 2810 AEn.
1016 2753 1054 2822 V,
1067 2759 1134 2812 818.
1149 2751 1225 2823 XII,
1271 2811 1274 2820 ,

91 2865 156 2926 499.
169 2855 210 2914 ul.
294 2853 451 2924 Curriculo,
471 2853 565 2932 equis,
584 2865 618 2913 ut
637 2845 740 2913 currui
752 2875 799 2934 up.
821 2853 904 2932 Virg.
926 2842 995 2913 AEn.
1010 2854 1083 2924 XII,
1105 2860 1173 2921 287.
1194 2863 1226 2914 et

91 2957 140 3016 Ge.
156 2957 181 3027 1,
198 2963 267 3015 514.
288 2959 399 3037 ἅρματα
412 2957 576 3036 πεισιχάλινα
590 2955 664 3014 dixit
685 2955 769 3044 I‘ind.
793 2957 879 3036 Pyth.
901 2956 944 3026 II,
959 2963 1008 3015 21.
1028 2975 1106 3033 qmm
1120 2955 1225 3015 Graeoe

92 3068 118 3117 et
127 3057 217 3118 docte
229 3077 284 3137 pro
299 3057 380 3137 qood,
400 3076 439 3144 so
454 3055 643 3128 curriculum,
658 3057 806 3136 quonism,
827 3058 851 3116 si
866 3077 982 3116 sensum
996 3054 1166 3133 respexeris,
1186 3053 1226 3114 ed

92 3177 208 3236 equum,
220 3155 251 3214 11.
265 3177 290 3215 e.
308 3155 412 3228 tilium,
427 3166 548 3234 spectat.
589 3156 728 3238 ConIZud
741 3177 769 3218 r.
784 3163 964 3215 utu-232.
979 3163 1014 3224 te,
1028 3153 1140 3232 auriga,
1154 3151 1184 3210 11.
1199 3173 1224 3210 e.

92 3267 167 3333 patre
191 3266 225 3314 et
247 3264 365 3314 auctore
388 3273 410 3313 n
433 3254 561 3313 doctore.
642 3254 720 3312 metit
741 3253 854 3324 relictis,
877 3253 961 3331 equis
982 3251 1131 3310 indomitis
1152 3250 1226 3308 adeo

94 3359 250 3429 ruentibus,
271 3368 306 3417 ut
318 3367 411 3416 metas
431 3375 520 3416 cursu
540 3366 724 3435 praetereunt,
746 3375 801 3414 nec
822 3355 933 3412 circum
956 3373 1004 3411 ees
1024 3352 1101 3411 flecti
1122 3371 1153 3411 se
1174 3371 1226 3428 pn-

95 3453 226 3514 riantur·
258 3451 398 3512 Similiter
424 3451 539 3511 animus
565 3450 597 3509 in
624 3450 774 3510 avaritiam
801 3467 933 3528 praeceps
956 3449 1027 3508 fines
1051 3461 1081 3507 et
1104 3445 1226 3506 modum

94 3557 201 3616 transit.

130 3660 187 3712 233
203 3672 265 3731 seq.¹
285 3654 375 3713 Poeto
388 3669 457 3711 vere
477 3662 507 3711 et
526 3664 638 3712 naturae
651 3650 804 3710 hominum
818 3649 1022 3709 convertentes
1037 3645 1226 3726 philosophr-

96 3763 146 3810 tur.
229 3754 318 3813 Nemo
330 3754 403 3812 sutis
415 3773 479 3812 esse
492 3753 589 3822 credit,
610 3753 740 3812 sufficere
754 3761 846 3829 putat,
868 3751 935 3810 satis
949 3750 1045 3809 habet.
1100 3756 1168 3808 234.
1182 3747 1227 3805 in·

97 3856 203 3936 dulgent
214 3857 269 3915 sibi
282 3857 368 3916 lutire
380 3856 445 3935 mci,
459 3855 521 3926 filii,
536 3875 595 3914 non
611 3855 739 3915 contenti
752 3854 841 3914 modo
855 3853 1029 3933 finibusque,
1048 3871 1068 3916 u
1079 3862 1162 3928 putre
1175 3847 1227 3908 de·

97 3957 187 4029 finitis,
202 3979 252 4018 eos
265 3970 424 4019 transeunt.
507 3957 601 4027 totius,
622 3957 698 4017 conf.
720 3955 816 4016 Bentl.
837 3955 875 4014 nd
889 3955 964 4014 Hor.
980 3957 1040 4016 Sat.
1056 3953 1099 4023 II,
1114 3959 1143 4024 2,
1161 3956 1227 4009 113.

99 4065 205 4117 -235
226 4077 286 4135 seq.
308 4056 410 4129 Quum
430 4055 554 4116 stultum
576 4076 638 4114 esse
662 4055 821 4135 dicis,2qui
843 4054 906 4114 aliis
927 4056 1002 4113 bene
1024 4052 1120 4120 iaciat,
1143 4051 1229 4110 doces

100 4158 194 4228 filium,
209 4158 386 4238 quocunque
399 4157 489 4218 modo
501 4157 618 4216 divitius
631 4156 687 4216 sibi
700 4140 810 4234 parire.
852 4155 920 4216 236.
931 4161 1125 4234 paupertatem
1139 4151 1230 4210 levore

101 4261 265 4330 etottollere,
284 4271 319 4320 ut
339 4271 440 4319 contro
459 4266 637 4338 paupertate,
652 4256 700 4316 vel
713 4259 799 4331 fame,
822 4259 920 4338 inopis
933 4269 987 4316 cet
1003 4254 1104 4336 premi,
1125 4255 1231 4334 urgeri,

98 4362 210 4436 gravari
226 4362 361 4433 dicimur,
376 4360 507 4439 metaph.
521 4361 559 4420 ab
572 4379 660 4419 onere
672 4360 771 4438 petitu.
813 4369 881 4427 237.
902 4357 1134 4440 cirmmrrribrre,
1153 4357 1231 4418 deci·

44 4456 45 4461 ¹
102 4481 170 4539 pere,
185 4465 331 4526 fraudere.
352 4463 432 4548 v.:ud
449 4463 487 4535 X,
502 4469 570 4522 222.
590 4497 632 4512 -
652 4470 720 4532 239.
735 4462 939 4544 Βεσὶονυηιζν.
953 4461 994 4520 ud*
1006 4461 1093 4534 VIII,
1109 4468 1177 4520 254.
1191 4493 1232 4510 --
1348 4517 1349 4522 ,

601 4560 693 4609 1111114
