3100 5250
479 500 532 569 IN
554 500 718 569 JUVEN.
743 499 842 569 SAT.
866 502 912 569 ll.
1224 508 1269 569 ’19

111 671 217 750 phith.
232 694 262 733 c.
278 674 339 735 x1.
360 675 414 754 qui
429 686 526 737 tamen
540 696 600 739 non
613 676 688 738 male
702 676 912 757 auspicabatur,
933 675 1011 735 inter
1029 676 1126 754 ipmm
1146 676 1267 755 podium

111 774 282 855 imamque
296 776 451 837 erchem
464 779 590 856 gradum
607 778 727 858 planum
742 778 861 869 aliquod
875 790 906 838 et
918 797 1043 837 vacuum
1058 777 1168 838 latiori·
1182 780 1267 857 apatii

112 871 228 945 fuisse,
250 886 283 933 et
304 875 336 933 in
357 896 391 934 eo
403 886 550 954 *spectasse
563 876 749 955 magistratus
767 875 893 945 curules,
918 875 1058 934 Praetores
1071 874 1119 932 rel
1134 876 1268 937 Editorea

113 989 304 1043 munerum,
319 972 348 1031 in
363 972 435 1031 sellia
447 973 600 1033 curulibus
613 992 647 1032 ae
661 972 865 1041 tribunalibus,
886 972 1023 1050 ipaoaque
1035 971 1143 1031 deinde
1156 972 1268 1033 Princi-

115 1086 181 1143 pea
196 1068 234 1126 in
249 1080 388 1147 suggesto
400 1068 445 1128 vel
459 1068 605 1142 eubiculo,
621 1068 721 1151 (loge)
736 1068 826 1148 idque
835 1069 954 1147 proprie
964 1068 1075 1128 dietum
1084 1087 1157 1139 eane,
1167 1070 1208 1127 ud
1215 1090 1269 1149 po·

120 1170 210 1228 dium
224 1180 368 1251 spectum
389 1170 421 1229 in
440 1170 498 1231 hoc
518 1172 597 1230 enim
618 1171 705 1250 plano
724 1172 958 1231 commodissime
977 1170 1061 1231 aellaa
1081 1170 1198 1231 ourulea
1214 1192 1269 1251 po·

118 1272 220 1331 tuisse
231 1274 313 1351 poni,
334 1292 394 1331 non
415 1272 447 1331 in
462 1272 531 1352 ipaia
544 1273 692 1351 gradibus.
706 1308 748 1322 -
763 1279 830 1341 147.
847 1280 913 1333 148.
929 1272 989 1331 Hir
1000 1272 1185 1333 nobiliaaimia
1198 1274 1269 1335 viria

119 1373 185 1433 licet
200 1386 236 1434 nt
250 1374 409 1445 admonear,
435 1376 465 1433 h.
479 1396 505 1435 e.
520 1375 626 1435 addere
633 1375 757 1454 poteria,
782 1376 870 1435 etiam
883 1376 983 1453 iprum,
1004 1375 1054 1452 qui
1076 1383 1142 1433 tuno
1160 1394 1269 1437 manua

121 1472 230 1545 edidit,
252 1474 284 1532 in
304 1494 365 1553 quo
380 1474 533 1535 Gracchus
546 1474 617 1534 retia
629 1474 713 1543 misit
737 1473 856 1533 Retiarii
875 1486 973 1551 partea
985 1474 1055 1551 egit,
1076 1472 1107 1531 h.
1120 1492 1145 1532 e·
1160 1476 1269 1535 Preto-

122 1590 202 1643 rem,
224 1572 435 1642 munerarium,
459 1574 505 1633 vel
525 1574 623 1653 potius
646 1573 866 1651 Imperatorem,
888 1571 1037 1629 Neronem
1053 1581 1105 1629 aut
1126 1570 1270 1631 Dmuitia·

129 1690 216 1731 num.
259 1670 333 1729 Tum
347 1690 452 1733 aenam
464 1683 526 1733 eet:
548 1671 603 1751 ipai
624 1690 741 1750 quoque
762 1668 935 1749 Imperatori
953 1668 1127 1747 antiquitate
1139 1688 1174 1728 ac
1185 1668 1269 1729 nobi-

129 1772 214 1833 litate
223 1772 339 1852 generi·
352 1774 502 1835 anteoellit
517 1774 677 1844 Gracchus,
697 1792 787 1853 quem
803 1792 864 1831 non
883 1771 1000 1853 puduit,
1021 1770 1144 1833 infamea
1155 1769 1269 1849 gladia·

127 1882 480 1932 torumarteaexeroere.
800 1938 804 1947 ,

169 1982 230 2044 149
243 1996 305 2055 aeq.
324 1976 483 2049 Quomodo
495 1976 559 2035 haec
573 1978 662 2036 verba
674 1976 866 2055 intelligenda
878 1977 946 2048 sint,
959 1996 1020 2039 non
1032 1976 1213 2057 perapexiaae
1225 1977 1270 2037 vi·

127 2076 238 2135 dentur
257 2077 442 2155 interpretes,
464 2076 516 2155 qui
536 2088 649 2137 tantum
669 2097 729 2137 non
749 2098 851 2138 omnea
870 2078 951 2137 huno
963 2098 1066 2139 eorum
1077 2100 1140 2139 eoae
1152 2098 1270 2139 aeneum

131 2190 293 2257 putarunt:
313 2178 379 2239 hnc
392 2178 500 2239 aoelera
517 2180 585 2239 inde
599 2180 742 2251 oriuntur,
758 2180 846 2259 ¹quod
859 2181 966 2239 inferos
979 2180 1093 2240 fabulae
1105 2200 1167 2239 erae
1179 2179 1271 2240 aniles

137 2275 261 2335 credant
272 2296 378 2347 omnes,
392 2296 447 2336 neo
461 2276 615 2357 quiequam
625 2276 688 2337 ullo
700 2278 869 2336 futurarum
881 2288 963 2335 metu
976 2294 1130 2353 paenarum
1144 2277 1192 2335 vel
1204 2276 1272 2335 reli·

137 2375 239 2455 gimis
251 2378 416 2457 pietatiaque
431 2398 517 2439 aenau
531 2400 549 2437 a
562 2378 711 2457 pereundo
724 2378 940 2448 arbutei-reatum
965 2388 998 2435 tu
1012 2396 1092 2444 uero,
1106 2376 1158 2456 qui
1171 2376 1272 2437 virtuti

136 2478 345 2536 convenienter
365 2478 460 2537 vivere
480 2477 573 2556 capia,
596 2496 667 2537 cave
686 2476 722 2537 iia
742 2474 914 2535 adaentiaria
932 2488 963 2535 et
981 2486 1055 2553 puta
1072 2476 1182 2535 inferna
1202 2494 1272 2535 erae.

136 2578 200 2646 Sed
212 2579 277 2659 ipse
294 2591 376 2660 poeta
389 2590 488 2640 noster
501 2580 609 2639 Manen
618 2588 649 2640 et
661 2578 770 2639 inferos
788 2588 938 2657 tamquam
951 2598 1026 2640 vana
1039 2577 1158 2638 nomina
1169 2596 1205 2638 ao
1216 2596 1272 2638 nu·

138 2697 194 2755 gae
207 2676 307 2735 irridet
318 2697 343 2734 v.
361 2683 427 2735 150.
447 2675 581 2755 exemplo
602 2675 807 2754 Aristophanis
825 2675 856 2733 in
871 2675 962 2736 itania
974 2677 1041 2736 Act
1057 2676 1082 2733 1.
1097 2676 1142 2736 Sc.
1157 2683 1184 2735 4.
1217 2677 1271 2736 Pe-

138 2781 226 2838 tronii
241 2781 297 2840 Sat
314 2787 380 2838 121.
395 2789 468 2838 extr.
483 2777 673 2856 aliorumque,
694 2779 769 2856 inpr.
787 2777 951 2838 stoioorum
971 2789 1002 2837 et
1015 2777 1236 2856 Epicureorum.
1245 2776 1272 2818 ³⁶

136 2877 204 2936 Non
217 2878 312 2956 magia
324 2877 477 2956 probanda
490 2875 623 2936 Bahrdtii
636 2875 809 2954 explicatio:
832 2875 973 2935 Maneaet
982 2875 1090 2934 inferos
1099 2895 1172 2943 ease,
1185 2894 1272 2934 neruo

130 2976 253 3055 quidem
265 2977 357 3036 hodie
367 2975 461 3034 credit
469 2987 577 3053 praeter
584 2973 759 3054 perpusilloa
768 2993 894 3052 pueror3
914 2985 945 3033 at
956 2983 990 3032 tu
1003 2983 1082 3032 uerte
1094 2972 1126 3030 id
1139 2973 1194 3032 tibi
1200 2993 1273 3050 per.

129 3093 251 3134 auaaum
265 3073 375 3132 habere
395 3071 532 3142 debebas,
554 3091 646 3150 quum
667 3070 719 3130 tibi
740 3070 923 3149 potissimum
943 3089 1019 3148 opua
1034 3069 1073 3128 ait
1084 3069 1141 3128 hau
1152 3068 1272 3140 ratione,

128 3193 190 3250 qua
204 3171 380 3232 deterrearia
394 3170 580 3250 apeouando.
616 3169 787 3230 Planiaaima
799 3188 870 3228 vero
884 3178 953 3228 aunt
965 3166 1072 3236 omnia,
1087 3165 1178 3228 aihoc
1187 3185 1273 3228 sensu

127 3294 164 3332 ea
178 3272 313 3351 oeperia:
336 3271 432 3336 Nemo
451 3270 572 3349 quidem
591 3269 688 3341 hodie,
708 3281 815 3350 prater
834 3267 973 3348 parvulos
992 3287 1111 3346 pueroa,
1131 3269 1274 3348 aibi'per.

130 3371 246 3440 suadet,
262 3371 368 3431 Manes
380 3381 409 3428 et
422 3370 531 3430 interos
543 3389 602 3428 esre
615 3369 723 3448 aliqud
730 3392 741 3428 .·
765 3371 808 3446 (ν.
823 3368 947 3428 Excute
959 3365 1042 3428 adh.
1055 3366 1090 3446 l.)
1111 3368 1178 3447 quia
1194 3369 1274 3430 enim

137 3492 197 3531 non
208 3471 304 3530 rideat
317 3483 406 3542 uerte,
426 3471 451 3532 ai
464 3471 495 3530 iu
509 3461 602 3550 poetis
615 3471 729 3550 legerit,
751 3472 784 3528 in
803 3469 897 3548 Styge
910 3468 1008 3551 nigros
1020 3490 1081 3530 eane
1095 3492 1193 3544 rurus,
1213 3484 1244 3533 et
1255 3493 1274 3533 a

141 3575 286 3633 Charonte
300 3573 422 3653 cymbm
436 3581 514 3634 rouo
528 3573 618 3652 (conf.
635 3573 758 3634 Excura.
772 3571 812 3630 ad
825 3571 855 3628 h.
869 3571 904 3649 1.)
917 3571 1049 3650 propelli,
1069 3573 1116 3634 vel
1129 3583 1167 3634 tot
1187 3574 1274 3636 niun

142 3677 311 3735 umbrarum
324 3696 379 3735 unu
394 3676 491 3758 cymba
504 3677 613 3745 uadum,
633 3675 665 3736 h.
678 3695 703 3734 e.
724 3673 848 3733 fluvium
861 3673 909 3732 vel
925 3693 1033 3752 aquam
1048 3677 1158 3755 Stygia,
1180 3678 1222 3755 (v.
1235 3677 1275 3736 ad

142 3779 198 3842 sil.
215 3778 240 3847 I,
255 3785 299 3838 52.
312 3793 340 3840 et
353 3781 482 3839 Gronov.
498 3778 583 3840 Obas.
599 3779 625 3850 Ι,
643 3779 704 3856 19.)
725 3776 877 3836 transiret
899 3776 950 3854 (ei.
964 3777 1047 3855 Virg.
1062 3781 1131 3839 AEn.
1145 3777 1200 3845 Vl,
1216 3783 1274 3837 302

141 3881 222 3956 neq.)
243 3879 292 3936 sed
310 3887 336 3936 tu
356 3877 516 3958 (Graccho,
537 3889 567 3938 et
580 3898 641 3946 voa,
663 3888 763 3954 turpes
777 3873 936 3954 mollesque
948 3875 1096 3955 hominen)
1118 3883 1198 3954 meta,
1219 3876 1274 3946 sac,

137 3983 232 4058 pone,
254 3997 315 4038 veru
327 4001 399 4053 esee,
417 4000 484 4058 qum
498 3977 551 4040 tibi
565 3978 638 4038 falsa
651 3989 681 4038 et
696 3997 769 4036 vana
783 3977 939 4049 videntum
961 3979 1010 4054 (ut
1023 3978 1060 4047 V,
1076 3985 1103 4044 7.
1124 3977 1175 4036 11oe
1186 3977 1275 4056 ipsum

133 4081 273 4160 defecisse
286 4086 381 4162 pato)
404 4082 472 4161 quid
491 4092 554 4140 tum
576 4099 676 4140 censer
694 4099 830 4140 sensuros
841 4099 903 4140 eane
918 4073 1043 4141 Curium
1056 4079 1186 4158 aliosque
1199 4082 1275 4142 viror

166 4283 186 4314 ¹⁸
198 4282 236 4331 (Σ
250 4281 294 4329 ini.
310 4281 691 4346 X111‚51oeq.1>mp.111,5.
729 4281 779 4343 Qu.
799 4281 821 4338 1,
840 4285 894 4328 ,(1.4
911 4289 936 4328 et
953 4283 977 4328 5.
995 4279 1077 4327 Senec.
1100 4277 1177 4342 Epi-a
1195 4287 1234 4330 2⁴.
1251 4278 1284 4330 a

135 4346 199 4394 Plin.
221 4347 288 4398 Vll.
306 4352 347 4396 5⁵.
369 4349 455 4409 Eurip.
478 4347 566 4396 Alceat.
581 4351 627 4396 787
644 4361 691 4408 req.
726 4352 764 4393 88.
788 4343 885 4394 Consul.
907 4343 938 4391 ad
959 4343 1034 4392 Mare.
1050 4361 1071 4392 c.
1089 4349 1125 4396 19.
1138 4344 1169 4394 de
1184 4346 1224 4394 Ira
1236 4345 1275 4405 11,

133 4411 692 4468 annt111.0viunttaxv‚15a15a
728 4416 767 4460 at.
786 4420 812 4458 et
829 4407 917 4458 Troad.
931 4425 953 4456 ι.
968 4415 1016 4460 869
1030 4425 1077 4474 atq·
1099 4411 1199 4462 Lucia
1218 4411 1275 4460 dial.

132 4477 190 4540 (ubi
211 4477 365 4542 Pythagoraa
383 4479 500 4544 loquitur)
522 4477 572 4527 Cic.
594 4477 693 4526 'l'uacul
728 4475 759 4524 de
773 4475 890 4534 luctu,at
