3100 5250
288 469 330 533 90
659 459 1051 534 COMMENTARIUS

288 641 369 716 facit,
389 651 499 721 poster,
524 638 667 719 caligula
686 638 762 700 sorte
782 641 973 720 temporibus,
995 649 1096 699 exacta
1116 635 1262 698 1111111111Β
1346 641 1433 716 caput

288 745 320 805 h.
333 741 353 803 l.
368 744 416 804 vel
427 744 545 825 proprie
558 742 674 814 dicitur,
688 742 797 822 vel‚]ut
809 744 926 821 passim,
948 743 986 802 de
998 740 1126 801 hominis
1139 739 1226 810 statu,
1239 737 1385 798 iberum
1396 757 1434 798 11

289 845 413 907 civitatis
423 847 501 926 jure,
517 856 610 924 atque
623 845 696 904 adeo
710 845 778 905 vita.
862 843 969 913 Hasta,
984 845 1014 902 in
1027 845 1092 903 foro
1105 842 1208 920 posita,
1231 841 1349 920 signum
1362 861 1434 900 auc·

289 944 376 1005 tionis
398 942 535 1022 publicae,
562 943 652 1020 (forte
672 943 760 1002 etiam
779 941 911 1022 privata,
934 943 1046 1021 dequo
1065 961 1093 998 v.
1108 938 1222 1000 Duker.
1243 939 1283 998 ad
1302 937 1377 1000 Flor.
1397 957 1430 1017 p.

289 1045 373 1126 346.)
394 1045 474 1104 unde
488 1045 539 1104 rub
553 1043 636 1104 111111
649 1045 767 1104 oendm
780 1065 814 1105 ac
834 1044 935 1115 uenire,
960 1043 1121 1102 1111111111
1142 1043 1243 1112 locare,
1264 1041 1432 1100 subiectare

288 1157 342 1208 cet
385 1147 518 1206 Praebere
530 1135 615 1226 caput
628 1146 723 1206 venale
735 1147 786 1206 tub
805 1147 897 1218 111111,
922 1157 964 1217 11,
986 1147 1066 1226 quod
1081 1147 1170 1206 Hein.
1183 1155 1293 1214 monet,
1314 1143 1434 1204 Princi-

282 1265 354 1324 pum
367 1245 418 1304 sub
432 1245 508 1305 ciuili
520 1245 603 1304 11111
616 1245 711 1324 capita
724 1245 833 1304 venolio
851 1267 898 1324 ap.
914 1246 981 1305 Sen.
996 1244 1090 1304 deira
1106 1246 1131 1318 Ι,
1146 1251 1174 1304 2.
1268 1243 1367 1303 Horta
1381 1243 1433 1303 do-

286 1347 373 1419 mino,
387 1367 416 1408 v.
431 1347 535 1409 Heius.
550 1349 588 1407 ad
603 1347 692 1408 ovid.
708 1348 764 1428 Ep.
780 1345 853 1408 Her.
870 1349 928 1418 ΙΙΙ,
946 1353 1014 1408 100.
1034 1359 1064 1408 et
1077 1345 1217 1424 Wagneri
1235 1345 1331 1415 Obss,
1352 1356 1433 1405 cata·

286 1450 357 1531 logo
369 1451 449 1512 lectt
463 1451 551 1512 hiem.
566 1451 719 1538 Marburg.
734 1471 761 1510 a.
779 1459 865 1512 1815.
879 1451 1038 1531 praemissas
1048 1471 1078 1530 p.
1094 1458 1121 1509 4.
1137 1454 1164 1509 5.
1180 1448 1233 1509 ubi
1246 1447 1311 1509 herc
1322 1448 1432 1528 legun-

286 1565 355 1615 tur:
385 1555 528 1616 “Auctio
547 1575 663 1633 semper
683 1565 745 1614 erat
764 1555 896 1614 venditio
915 1554 1044 1634 publica,
1070 1553 1143 1632 quae'
1160 1553 1244 1612 hasta
1263 1551 1355 1631 posita
1373 1569 1432 1629 per

262 1629 452 1734 ‘preconem
471 1653 568 1722 fiebat,
590 1652 632 1712 ita
651 1664 748 1713 utres
768 1654 796 1712 ei
816 1653 955 1732 subjecta
968 1651 1130 1732 plurimum
1144 1651 1324 1711 licitantibus
1338 1669 1432 1708 ama·

286 1757 412 1838 gistratu
426 1756 641 1816 addicerentur.
673 1755 748 1814 Hac
762 1755 891 1816 addictio
905 1775 998 1834 quum
1010 1775 1070 1814 non
1084 1753 1141 1814 nisi
1154 1753 1272 1834 imperii,
1295 1774 1355 1833 quo
1368 1771 1432 1811 ma·

285 1855 426 1934 gistratus
439 1855 490 1914 ille
504 1867 622 1915 ornatus
635 1864 707 1926 erat,
728 1855 759 1913 vi
780 1854 871 1926 lieret,
894 1853 1033 1914 Tibullus
1046 1853 1088 1923 ΙΙ,
1104 1862 1132 1924 4,
1148 1860 1198 1913 54.
1213 1852 1307 1913 dixitt
1329 1852 1367 1912 ite
1379 1850 1433 1910 sub

286 1951 430 2034 imperium
446 1953 496 2012 tub
513 1953 684 2032 titulumque,
699 1951 802 2023 Lares,
822 1955 900 2012 bona
913 1965 1042 2031 paterna,
1063 1953 1205 2012 auctionis
1218 1951 1282 2030 lege
1296 1951 1433 2010 venden-

286 2052 333 2112 da
376 2052 471 2112 Hasta
484 2062 583 2111 autem
597 2070 690 2130 quum
704 2050 735 2109 in
749 2051 934 2112 auctionibus
947 2061 1107 2130 poneretur
1120 2049 1205 2130 eique
1221 2049 1433 2108 venumdandu

287 2151 510 2231 subjicerentur,
522 2163 678 2230 propterea
694 2149 776 2229 quod
791 2151 862 2230 ipsa,
877 2151 990 2230 quoties
1005 2151 1108 2210 Romae
1122 2169 1188 2228 pars
1200 2149 1297 2228 aliqua
1309 2147 1431 2227 imperii

286 2265 338 2313 aut
348 2253 571 2334 jurisdictionis,
591 2254 666 2313 adeo
685 2264 716 2314 et
729 2255 880 2332 potestatis
895 2275 1026 2324 summae,
1040 2263 1230 2322 exerceretur,
1248 2251 1325 2330 signi
1345 2250 1432 2310 adhi-

276 2352 406 2411 beretur
417 2349 492 2421 loco,
515 2371 533 2410 a
552 2349 698 2411 Juvenale
713 2351 824 2411 domina
838 2352 1011 2432 appellatur.
1033 2354 1117 2412 Conf.
1134 2353 1232 2430 Sigon.
1247 2351 1285 2410 de
1298 2360 1356 2410 ant
1367 2351 1428 2430 jur.

286 2470 355 2530 pop.
371 2451 455 2510 Rom.
470 2450 506 2509 T.
522 2449 580 2509 Ι.1.
599 2459 663 2510 1.1
681 2459 727 2511 11.
741 2470 771 2529 p.
789 2459 856 2522 149.
881 2453 951 2530 (Jus
966 2451 1108 2512 auctionis
1128 2471 1229 2511 earum
1248 2471 1346 2510 rerum
1360 2451 1429 2521 11111,

286 2573 354 2632 quae
369 2551 487 2631 publice
501 2571 555 2631 per
569 2572 736 2631 praeoonem
757 2555 813 2613 sub
833 2553 915 2614 hasta
935 2567 1078 2635 presente
1099 2567 1129 2616 et
1148 2555 1302 2614 addicente
1321 2555 1429 2633 magis-

286 2659 366 2707 tratu
379 2650 593 2707 venderenturz
616 2652 647 2708 in
662 2650 847 2712 auctionibus
861 2654 939 2712 enim
953 2655 990 2727 ei,
1013 2654 1065 2735 qui
1082 2655 1244 2735 plurimum
1264 2666 1361 2735 auget,
1382 2674 1430 2715 res

286 2745 453 2818 addicitur3
474 2758 504 2806 et
517 2747 656 2825 quoniam
669 2768 705 2808 ex
718 2750 853 2810 auctione
868 2751 917 2811 illa
939 2754 1085 2814 dominium
1106 2754 1161 2814 sibi
1178 2753 1292 2833 justum
1311 2754 1343 2811 in
1363 2772 1429 2811 eam

287 2869 349 2908 rem
364 2860 543 2928 comparant,
568 2850 640 2909 hinc
653 2852 740 2910 etiam
760 2854 913 2914 aristotiles
934 2857 984 2935 jus
1003 2858 1137 2917 auctione
1151 2857 1303 2937 quaesitum
1318 2854 1430 2915 dicitur

285 2958 317 3007 et
330 2956 427 3006 auctor
447 2949 473 3007 is
492 2947 668 3027 appellatur,
688 2971 707 3009 a
727 2972 788 3031 quo
807 2952 873 3031 quis
894 2956 1094 3016 auctoritatem
1109 2956 1129 3014 i.
1143 2978 1167 3016 e.
1185 2956 1236 3036 jus
1254 2954 1374 3015 dominii
1394 2954 1429 3013 in

286 3046 455 3126 quampiam
469 3066 534 3106 rem
545 3048 682 3126 accepit.)
704 3061 734 3109 et
749 3051 785 3108 T.
802 3050 842 3109 ll.
856 3051 875 3109 l.
893 3057 918 3113 l.
934 3074 958 3114 c.
974 3062 1001 3121 7.
1015 3074 1045 3132 p.
1061 3056 1146 3119 419.”

327 3150 457 3212 as-au
478 3150 623 3241 Homines
643 3152 697 3221 illi,
718 3152 770 3231 qui
785 3156 923 3234 quondam
938 3157 1054 3217 fuerant
1066 3158 1218 3217 cornicines
1231 3158 1352 3227 inludis
1366 3178 1429 3219 sce-

285 3248 361 3306 nicis
373 3248 420 3306 vel
437 3248 566 3322 theatris,
581 3250 655 3328 (non
668 3250 700 3309 in
714 3253 885 3313 muneribus
899 3252 1079 3332 gladiatoriis
1094 3257 1141 3315 vel
1151 3256 1384 3336 amphitheatris)
1398 3269 1431 3316 et

281 3351 412 3431 perpetui
424 3352 534 3411 comites
545 3352 722 3432 municipalis
734 3374 837 3427 orente,
852 3376 969 3435 operam
984 3358 1111 3419 locantes
1124 3360 1333 3438 gladiatoribus
1346 3370 1375 3418 et
1388 3378 1430 3419 ne

287 3452 389 3511 Romae
403 3451 533 3531 quidem,
548 3456 601 3513 sed
613 3456 645 3513 in
657 3454 836 3534 municipiis,
853 3466 975 3538 uotoeque
990 3478 1044 3538 per
1055 3460 1159 3539 oppida
1173 3460 1274 3531 buccoe,
1287 3460 1431 3540 phonasci

286 3552 523 3623 ctuaroeuorum,
548 3554 711 3632 (1111111.
727 3544 915 3619 sunnin.
931 3560 1005 3639 111.)
1027 3562 1074 3620 vel
1092 3562 1283 3643 municipales
1297 3563 1430 3642 suesque

286 3651 433 3720 causidici,
447 3650 496 3727 (ut
510 3652 565 3723 XI,
581 3657 643 3732 34.)
664 3656 712 3715 vel
726 3658 826 3737 potius
839 3678 998 3738 precones,
1021 3660 1073 3739 qui
1086 3664 1193 3721 buccas
1207 3662 1308 3721 inflare
1322 3663 1429 3735 solent,

286 3751 368 3810 -hi
381 3751 480 3830 itaque
493 3752 603 3811 sordidi
618 3753 751 3816 homines
770 3771 801 3817 et
820 3758 968 3837 peregrini
988 3758 1072 3819 malis
1094 3759 1205 3820 artibus
1224 3780 1304 3821 nunc
1326 3762 1429 3821 Romae

284 3866 380 3915 1111111
394 3854 576 3934 collegerunt
589 3876 669 3936 opes,
684 3869 718 3918 ut
731 3858 820 3919 etiarn
832 3880 955 3920 munera
968 3861 1064 3922 edant
1103 3862 1186 3922 Conf.
1202 3864 1316 3922 Ferrar.
1332 3864 1430 3925 Elect.

286 3953 330 4024 ll,
345 3954 394 4013 26.
408 3964 439 4013 et
453 3953 584 4012 Hennin.
598 3954 679 4013 adh.
693 3956 713 4014 1.
755 3956 803 4017 36.
825 3956 950 4017 Munera
963 3959 1078 4037 magnis
1093 3960 1239 4021 sumtibus
1251 3960 1321 4019 olim
1334 3983 1353 4020 a
1366 3982 1430 4020 ma·

285 4050 465 4127 gistratrbus,
479 4062 581 4130 postea
593 4072 611 4111 a
625 4051 812 4131 Principibus
825 4065 856 4114 et
869 4054 997 4133 denique
1009 4057 1047 4115 ab
1061 4052 1207 4129 omnibus,
1226 4058 1314 4118 etiam
1327 4060 1429 4137 priva·

285 4145 324 4205 tis
336 4147 531 4220 etsilissimis,
554 4151 690 4229 quitum
711 4151 870 4211 utebantur
889 4152 1055 4231 insignibus
1078 4155 1313 4233 magistratuum,
1339 4158 1389 4233 (ut
1409 4178 1429 4215 a

318 4309 361 4355 ’1.
375 4308 460 4359 Burm.
473 4314 490 4361 l.
503 4313 520 4363 l.
533 4329 554 4362 c.
569 4320 592 4366 5.
605 4330 628 4375 p·
643 4319 748 4364 68—'16-
768 4312 835 4374 Lips.
871 4331 892 4363 c.
907 4315 991 4365 cuiae.
1012 4316 1082 4368 0111.
1099 4319 1146 4377 Vl,
1168 4324 1205 4367 28.
1225 4319 1327 4369 Fabrett.
1345 4318 1425 4369 lustr.

169 4428 175 4439 ,
287 4372 836 4429 ultmesriinaseuttxcumdtact
871 4386 1018 4443 ol.p.86.
