3100 5250
471 504 523 571 IN
545 504 709 573 IUVEN.
735 506 834 573 SAT.
859 506 923 573 111.
1222 512 1264 570 87

26 754 27 761 ¹
105 686 160 735 ret.
174 676 276 737 Rom.
294 678 381 759 Opp.
394 678 431 739 T.
447 679 469 738 I.
483 700 512 759 p.
528 682 612 759 841.)
627 680 739 741 locatus
752 692 814 740 erat
827 680 922 751 lucus,
936 678 1072 738 Camenis
1087 678 1157 739 olim
1172 699 1260 750 sacer,

107 778 207 853 (uude
221 779 281 840 hae
298 784 381 848 ὅιιιιῖις
393 782 482 860 ejectae
493 781 648 862 dicuntur)
669 784 710 843 ita
723 794 757 843 ut
778 782 935 862 quotannis
955 782 1113 851 medear,
1134 782 1264 861 pretium

104 875 274 939 locationis
291 902 315 939 s.
329 882 477 950 tributum,
492 882 654 961 penderent,
676 882 757 961 quod
777 880 960 942 acerbissime
979 890 1116 941 emotum
1129 902 1147 939 a
1160 882 1264 941 Domi·

105 976 193 1036 tiano
204 978 291 1038 dicit
306 979 384 1038 Suet.
397 980 481 1038 Dour.
500 988 546 1039 12.
558 981 610 1040 ubi
625 1001 652 1039 v.
666 981 761 1059 intpp.
804 980 886 1039 Hinc
904 989 991 1059 poeta
1011 978 1184 1059 perstringit
1196 1000 1265 1039 ava·

105 1078 219 1137 ritiam
242 1080 464 1160 Imperatorum,
486 1082 539 1162 qui
553 1104 620 1143 cum
634 1084 698 1144 loca
716 1084 854 1163 religiosa
871 1082 1058 1162 profanarent
1070 1094 1101 1143 et
1113 1102 1150 1141 ex
1164 1083 1200 1141 iia
1219 1084 1263 1141 sa·

110 1188 222 1236 nerent
231 1178 358 1249 lucrum,
371 1190 435 1239 tum
443 1180 555 1253 tributa
564 1202 582 1240 a
591 1182 784 1261 pauperrimis
797 1202 915 1260 quoque
924 1180 1092 1241 hominibus
1102 1179 1262 1258 exigerent,

26 1330 27 1337 ,
111 1280 169 1359 qui
185 1280 264 1339 nibil
284 1282 430 1342 haberent
454 1295 561 1363 praeter
583 1285 728 1365 cophinum
740 1284 907 1365 scenamque
930 1296 961 1345 et
980 1304 1066 1343 mane
1087 1304 1124 1343 ex
1143 1282 1211 1343 luco
1231 1284 1263 1343 in

111 1383 228 1443 Urbem
243 1385 433 1445 mendicatum
446 1388 696 1467 vaticinatumque
709 1388 853 1459 venirent,
867 1388 976 1447 similes
985 1386 1134 1447 hodiernis
1146 1388 1262 1467 AEgyp-

26 1484 27 1489 '
111 1484 159 1544 tiis
173 1496 205 1545 et
219 1486 364 1546 Bobemis
379 1510 401 1547 a.
417 1488 565 1568 Zigeunis.
596 1490 711 1551 Ordinis
725 1511 770 1551 rer
782 1499 831 1564 ert,
845 1498 877 1549 ar
891 1490 1045 1571 AEgyptiur
1059 1490 1262 1549 Plorooiace·

115 1584 164 1643 aa
178 1606 243 1645 ...ι
263 1570 428 1660 mamre,
450 1590 588 1649 leaena
608 1612 668 1651 ...ιι
682 1591 806 1671 marm,
832 1592 931 1651 sidon.
949 1590 1044 1669 spat.
1060 1590 1132 1659 vu,
1147 1588 1175 1649 e.
1216 1590 1261 1648 cr.

118 1680 174 1741 inf.
186 1682 225 1741 ad
241 1704 270 1741 v.
284 1682 350 1753 296.
365 1684 423 1755 vl,
439 1692 497 1745 542
513 1707 572 1765 seq.
593 1698 624 1749 et
645 1688 746 1747 Burm
768 1690 806 1748 de
826 1690 932 1767 vectig.
952 1707 1024 1767 pop.
1045 1688 1129 1746 Rom.
1149 1706 1173 1747 c
1188 1694 1217 1747 2.
1231 1706 1260 1766 p.

121 1793 167 1845 15.
189 1788 240 1847 abi
256 1808 314 1847 non
328 1788 407 1847 male
420 1790 459 1848 ab
473 1790 536 1849 aliis
555 1790 618 1853 haec
638 1792 740 1853 referri
753 1792 827 1853 dicit
838 1792 877 1852 ad
890 1792 910 1852 J
914 1790 1010 1851 udoeos
1025 1810 1106 1849 sacra
1119 1800 1150 1849 et
1163 1808 1261 1870 egmu-

114 1890 170 1968 χὰς
183 1890 214 1947 in
227 1889 324 1969 sylvis
337 1901 369 1949 et
383 1892 439 1950 sub
453 1894 604 1955 arboribus
618 1906 800 1975 peragentes,
819 1898 952 1977 adeoque
964 1896 1003 1955 ad
1017 1896 1116 1975 opima
1135 1892 1261 1972 templo·

114 2012 177 2051 rum
199 1994 371 2073 vectigalia,
395 1996 505 2074 quibus
531 1998 669 2059 sacrificia
693 2000 915 2080 sacerdotesque
936 1999 1080 2069 uiuerint3
1103 1996 1182 2056 unde
1202 1996 1259 2067 VI,

116 2097 181 2149 544.
206 2112 316 2170 magra
336 2093 469 2151 sacerdos
487 2094 819 2177 arboria-Copbiaar,
843 2103 946 2176 ιὸφιιις,
974 2095 1143 2165 canistrum,
1164 2094 1260 2154 corbis

117 2208 262 2267 ornusque
274 2210 326 2249 vas
338 2189 510 2249 vimineum.
551 2192 658 2263 Iudaei,
683 2194 787 2254 itinera
800 2196 939 2257 facientes
957 2214 1012 2273 per
1033 2191 1190 2271 gentilium
1208 2200 1260 2250 aut

26 2284 27 2289 ’
112 2286 367 2347 *Samaritanorum
380 2300 483 2360 terras,
505 2290 658 2373 quodjam
671 2294 721 2352 alii
735 2304 885 2364 notarunt,
911 2290 1045 2370 cophinis
1065 2309 1165 2349 secum
1184 2290 1259 2348 fere-

122 2384 197 2443 bant
221 2396 252 2443 et
275 2384 436 2463 quisquilias
464 2408 540 2458 suas,
571 2400 602 2449 et
628 2384 735 2459 ed'ulia,
766 2410 805 2449 ue
825 2388 982 2468 gentilium
1001 2386 1074 2447 orbis
1093 2385 1260 2465 pollueren-

122 2483 203 2541 τιιι.1
287 2482 404 2553 Ferrea,
424 2504 486 2563 quo
502 2480 638 2565 jumenta
652 2509 705 2547 sua
717 2488 836 2548 alebant
849 2486 956 2559 Judaei,
977 2487 1025 2546 rel
1038 2486 1138 2565 potius
1151 2484 1260 2543 durum

122 2578 238 2651 cubile,·
258 2600 319 2659 quo
337 2580 366 2638 in
383 2580 469 2660 sylvis
488 2595 691 2664 pernoctantes
718 2588 894 2648 utebantur:
921 2584 1001 2646 unde
1021 2583 1076 2654 VI,
1098 2588 1166 2643 542.
1174 2582 1261 2660 sceno

121 2677 220 2768 nlietp
234 2679 352 2738 Iiomrm
370 2681 468 2742 venire
490 2683 628 2744 dicuntur
648 2685 836 2746 mendicandi
859 2684 1096 2763 raticinanquue
1111 2701 1206 2742 causa.
1217 2717 1259 2732 -

127 2779 173 2841 16.
190 2781 284 2840 Oanis
303 2783 386 2842 arbor
399 2785 439 2843 id.
456 2786 507 2864 qd.
525 2785 613 2865 ealon,
635 2788 665 2847 h.
680 2810 704 2848 e.
726 2809 827 2849 omnes
849 2789 946 2849 Judaei
968 2788 999 2849 iu
1019 2788 1103 2867 sylva
1122 2786 1170 2846 vel
1189 2785 1259 2846 luco

122 2880 312 2940 Camenarum
325 2882 498 2943 habitantes.
534 2885 640 2945 MaIIm
652 2897 750 2948 tamen
765 2907 883 2947 versum
900 2893 946 2946 15.
959 2886 1069 2946 referre
1081 2883 1120 2943 ad
1135 2885 1258 2943 verbum

117 2981 249 3055 Imm,
263 2995 295 3044 ct
308 3003 337 3041 v.
354 2983 400 3044 16.
414 2985 453 3044 ad
467 2985 532 3046 illa:
554 3007 669 3067 quoram
682 2989 815 3069 cophinus
823 2989 991 3070 scenamque
1004 2985 1136 3066 rapedes.
1178 2985 1259 3046 Tum

117 3099 213 3140 sensus
227 3091 289 3141 est:
315 3081 448 3160 Populus
462 3085 546 3143 Rom.
562 3084 608 3144 rel
624 3086 816 3165 Imperatores
829 3099 891 3146 tam
903 3085 983 3145 avari
999 3094 1077 3153 suut,
1098 3091 1133 3142 ut
1147 3078 1259 3158 quavis

115 3177 182 3249 1⁰⁰¹,
197 3179 291 3238 etiam
305 3199 396 3250 sacra,
417 3179 524 3253 locent,
538 3180 636 3241 velex
649 3184 721 3242 omni
733 3184 841 3252 arbore,
857 3202 894 3242 ex
909 3181 1055 3251 omnibus,
1070 3177 1158 3240 etiam
1171 3176 1258 3236 levis·

115 3281 190 3342 simis
203 3285 307 3352 rebus,
321 3283 441 3343 lucrum
454 3284 579 3364 capient,
594 3295 625 3344 et
633 3285 742 3346 tributa
756 3286 876 3364 exigant
889 3303 908 3342 a
920 3282 1008 3362 syloa,
1021 3281 1052 3342 h.
1065 3301 1091 3340 e.
1104 3301 1122 3341 a
1134 3281 1155 3340 J
1156 3280 1256 3350 udaeis,

117 3387 146 3446 in
158 3389 241 3467 sylva
254 3410 279 3448 a.
292 3387 363 3448 luco
377 3391 570 3448 Camenarum
582 3386 802 3459 habitantibus3
823 3385 922 3447 Judaei
934 3397 1042 3456 autem,
1056 3386 1163 3468 quibus
1172 3385 1257 3449 lucus

120 3502 163 3550 est
173 3491 295 3564 locatus,
309 3503 373 3553 tam
385 3503 621 3571 pauperescunt,
635 3501 670 3550 ut
683 3490 849 3550 mendicare
864 3498 1014 3567 cogantur.

163 3595 210 3646 17.
229 3589 416 3650 ἀαειιιᾶἰιιιιιι
438 3589 608 3650 Umbricius
627 3601 657 3650 et
676 3609 743 3668 ego.
837 3587 992 3673 speluncas,
1014 3596 1096 3646 antra
1118 3587 1254 3666 (grater)

119 3684 264 3746 dissimiles
275 3689 356 3755 ueris,
378 3689 561 3748 naturalibus
574 3709 609 3749 ac
623 3686 815 3767 simplicibus,
836 3697 870 3748 ut
883 3707 951 3746 mox
966 3687 1115 3766 ingenuum
1134 3686 1254 3764 tophum.

121 3794 160 3846 18
175 3807 237 3864 aeq.
250 3807 277 3844 r.
289 3787 326 3846 ad
338 3787 395 3858 XI,
414 3785 480 3849 116.
496 3787 608 3854 Quanto
616 3785 800 3870 prestantius
811 3795 880 3846 erret
893 3805 992 3846 ramea
1005 3805 1095 3865 oqaoe,
1109 3784 1139 3844 h.
1150 3804 1175 3842 e.
1189 3783 1255 3841 fons

116 3905 213 3955 sacer,
228 3898 262 3948 ut
274 3907 333 3966 sup
346 3908 375 3946 r.
392 3895 439 3946 13.
455 3886 585 3948 Bahrdt:
621 3886 712 3948 Owie
725 3885 788 3946 weit
804 3885 953 3965 gitllicler
973 3886 1042 3945 wdr'
1057 3884 1131 3944 dim
1142 3881 1254 3962 quelle!

115 3991 165 4049 Cf.
181 4001 277 4050 tamen
290 3990 355 4050 Var.
370 3991 453 4054 Lect.
462 4025 504 4040 -
513 3997 563 4059 19.
577 3996 625 4052 20.
640 3989 686 4052 Cf·
701 3987 790 4050 Oviu
801 3989 873 4051 Met.
886 3988 946 4058 III,
963 3984 1131 4054 rer-162.
1213 3984 1255 4044 oi-

112 4087 182 4160 ridi,
210 4087 370 4168 grammeo,
399 4087 535 4166 margine,
568 4097 601 4148 ut
628 4085 707 4155 olim,
735 4104 804 4156 non,
832 4095 867 4150 ut
892 4103 982 4156 nuuc,
1015 4075 1110 4145 mnro'
1129 4099 1254 4142 marma·

110 4209 169 4250 reo.
253 4211 305 4250 aea
317 4191 477 4272 ingenuam,
491 4188 663 4258 naturalem,
679 4188 802 4267 αὐτοφυῆ,
824 4205 884 4246 uon
896 4205 985 4264 opere
998 4195 1051 4245 aut
1062 4193 1125 4244 arte
1143 4183 1253 4244 factum

117 4435 409 4554 ¹⁷⁸ffilqtffigattb.
424 4439 501 4498 XIV,
514 4443 553 4490 20.
574 4383 749 4496 xv1,i-1o.
770 4435 848 4484 Marc.
869 4431 916 4491 VI,
929 4437 969 4482 ⁴³.
980 4429 1060 4489 VIII,
1075 4436 1111 4482 19.
1126 4432 1189 4483 Luc.
1204 4431 1250 4488 lx,

142 4537 149 4550 ·
214 4535 222 4550 ·
281 4535 289 4562 ι
1050 4554 1054 4560 .

672 4583 716 4632 Η
