3100 5250
438 429 490 500 IN
512 429 678 502 JUVEN.
704 433 803 501 SIT.
827 435 925 504 vm.
1174 445 1241 508 006

101 615 238 683 interm
260 611 313 688 (ut
328 605 428 684 fusilia
440 608 526 668 eorde
545 607 600 679 lv,
615 607 663 670 68.
682 610 736 670 nbi
755 629 786 668 v.
805 613 881 690 not.)
906 609 978 671 lrlne
998 611 1092 692 egilis,
1112 613 1243 675 velow·⁸
1372 635 1376 644 ·

99 713 207 787 Polnu,
231 713 363 786 1111110111,
383 709 511 793 plurimu
524 705 632 790 fer-oet,
658 710 808 792 eleganter
830 731 895 791 pro,
919 711 1024 774 multis
1046 716 1240 792 spectantium

96 823 229 882 menibus
251 816 415 900 plauditur,
440 825 525 877 tanto
546 816 659 889 ardore,
685 827 719 877 nt
743 835 848 878 manus
870 818 1014 878 ferveant.
1066 817 1144 876 Nam
1171 818 1241 899 equi

97 919 190 990 edem,
203 915 237 978 in
253 915 337 978 Cion
350 913 390 973 ud
403 933 505 974 currus
515 913 623 993 juncti,
638 933 691 973 non
704 913 787 973 dubie
806 911 968 976 intellectum
993 913 1196 975 adhortationi
1214 925 1242 976 et
1336 909 1338 913 ’

93 1019 194 1101 glorier
205 1016 348 1101 fetentur,
361 1025 395 1077 ut
409 1007 476 1076 utar
489 1017 587 1076 verbis
608 1015 685 1077 Plin.
698 1016 771 1086 Vll,
793 1024 842 1076 42.
862 1016 915 1076 ubi
938 1016 976 1076 et'.
1002 1015 1151 1076 Har-duim
1191 1023 1240 1088 59.

95 1123 235 1184 Emitot
248 1120 358 1183 eietorio
372 1119 405 1179 iu
427 1117 511 1179 Circo
530 1139 585 1197 pro
606 1118 731 1198 vulgarl,
753 1118 856 1180 circus
874 1119 904 1178 b.
928 1139 955 1180 e.
975 1105 1114 1198 populus,
1137 1119 1190 1198 qui
1209 1121 1242 1180 in

96 1223 178 1284 tirou
199 1235 254 1293 est,
277 1223 323 1301 (ut
345 1241 393 1300 ap.
419 1217 470 1280 Sil
496 1219 583 1290 XVI,
605 1221 689 1299 534.)
712 1219 839 1280 exsultet
858 1216 988 1280 victoria.
1069 1239 1165 1290 ruuoo,
1187 1220 1241 1300 qui

96 1321 189 1384 multo
201 1324 329 1385 elamore
342 1321 508 1401 plausuque
521 1331 647 1391 resonat,
664 1323 713 1399 (ut
728 1319 863 1381 ohnorur
876 1320 969 1381 eirorre
982 1321 1038 1393 IX,
1057 1329 1123 1382 144.
1143 1333 1174 1383 et
1192 1344 1241 1402 ap.

98 1421 220 1484 Mutat.
233 1423 271 1495 X,
287 1429 336 1490 58,
355 1424 396 1501 1.)
412 1421 460 1480 vel
484 1420 567 1481 OEreo
587 1439 682 1492 rauco,
701 1419 822 1500 populo,
847 1419 899 1499 qui
922 1441 1018 1500 usque
1039 1421 1079 1481 ad
1102 1424 1197 1483 ravim
1217 1445 1241 1485 a.

98 1525 265 1587 raucitatem
278 1523 394 1597 elamet,
410 1533 445 1586 ut
465 1541 554 1583 reatu
575 1523 673 1583 colon
692 1520 747 1594 VI,
769 1527 837 1582 515.
862 1532 893 1581 et
916 1543 941 1580 r.
965 1521 1069 1583 vicisiu
1092 1545 1143 1604 ap.
1166 1525 1240 1586 Hor.

100 1622 191 1706 Epist.
207 1627 292 1696 1‚1r,
308 1623 358 1686 62.
400 1621 450 1686 60.
469 1621 609 1704 gramine,
624 1641 743 1702 pascuo,
765 1641 851 1701 agro,
871 1621 945 1682 loeo.
985 1621 1036 1682 61.
1048 1623 1140 1705 fugo,
1161 1625 1242 1686 velo·

100 1725 178 1800 eiras,
190 1747 301 1789 enrsus.
382 1725 465 1807 enjus
475 1725 584 1806 primur
598 1726 629 1787 in
642 1745 752 1806 (equore
765 1724 870 1806 puleio,
885 1725 938 1804 qui
950 1725 1074 1805 primus,
1088 1735 1156 1787 ante
1169 1727 1242 1788 alios

99 1849 194 1912 equos,
217 1831 248 1891 in
269 1831 366 1893 stadio
385 1829 541 1910 pulverem
560 1828 669 1890 excitat
690 1849 712 1890 s.
734 1837 843 1901 movet,
867 1828 958 1910 κνίζει
969 1849 993 1888 s.
1006 1833 1076 1889 1111111
1088 1832 1186 1890 notun
1200 1867 1242 1881 -

99 1929 133 1990 62
152 1951 213 2010 seq.
232 1929 311 1990 Pulli
336 1947 481 2008 equorum
506 1925 594 1988 etiam
617 1927 916 2006 generosissimorum,
938 1926 963 1986 si
982 1927 1142 2014 degeneres
1162 1941 1240 2001 sunt,

101 2027 273 2097 renduntur,
288 2037 439 2108 tamquam
452 2025 526 2088 viles
539 2025 617 2105 equi.
702 2021 840 2104 Corytlnr,
862 2044 891 2081 v.
910 2023 981 2092 Ver.
1000 2025 1082 2084 Leet.
1164 2025 1240 2084 Hir-

97 2124 178 2203 pir'rue
189 2143 297 2184 nomen
313 2124 381 2206 equi
394 2123 596 2202 generosioris,
611 2123 650 2182 ab
665 2119 801 2200 Hirpinis
813 2120 890 2180 forte
901 2120 944 2180 sic
956 2120 1038 2191 dieti,
1054 2123 1106 2199 (un
1119 2124 1243 2183 marrier

102 2227 136 2286 de
149 2225 260 2308 Nupta,
276 2227 408 2307 Grang.)
422 2237 457 2286 ut
469 2247 516 2306 ap.
531 2223 657 2286 Martial
681 2223 744 2294 ΙΙΙ,1
769 2221 820 2292 63,
844 2229 892 2282 12.
913 2222 1050 2302 (Hirpini
1070 2231 1180 2284 oderes
1193 2224 1243 2304 pai

102 2325 164 2386 lene
186 2327 257 2386 nouit
278 2328 362 2405 uuus)
387 2336 418 2386 et
443 2321 588 2406 Hirpinus
613 2343 697 2403 nepos
715 2320 864 2402 Aquilonia
884 2321 917 2380 in
940 2332 998 2381 vet
1021 2322 1241 2403 lap.ap.1ips

102 2429 188 2512 Epist.
209 2431 295 2491 Ceut
322 2430 382 2501 llI,
408 2429 458 2490 26.
511 2429 621 2490 Confer
646 2448 710 2506 sup.
733 2425 773 2486 ad
797 2446 826 2487 v.
852 2424 891 2485 56
914 2445 975 2505 aeq.
1023 2423 1118 2488 Vetus
1144 2428 1242 2490 Sobel.

102 2543 121 2570 ‘¹
140 2534 176 2592 ln
200 2533 392 2595 interioribus
422 2531 537 2593 Sabinis
565 2530 712 2609 Hirpinus
744 2547 831 2588 mons
863 2537 917 2601 est,
951 2529 1003 2589 ubi
1035 2531 1140 2609 optimi
1172 2533 1242 2612 equi

100 2634 282 2698 naseuntur?
323 2637 433 2696 Confer
447 2632 547 2696 Barth.
562 2635 601 2695 nd
622 2633 706 2694 Grut.
719 2654 748 2712 p.
769 2629 835 2691 106.
917 2630 1044 2704 airuru,
1066 2652 1142 2707 raro,
1154 2635 1241 2716 jugo,
1274 2706 1279 2716 Ι

100 2728 134 2793 in
165 2755 264 2807 mnu,
297 2735 419 2797 Victoria
448 2736 531 2815 (nam
563 2734 604 2794 ita
636 2729 835 2802 scribendum,
861 2743 896 2792 ut
921 2750 1048 2812 persona
1077 2735 1132 2814 sit)
1157 2737 1240 2808 redd,

100 2834 133 2897 h.
147 2858 173 2897 e.
185 2838 210 2899 ri
223 2854 289 2900 raro
302 2858 395 2919 equus
411 2840 442 2898 in
456 2837 614 2899 certamine
629 2832 726 2897 curuli
739 2854 761 2895 s.
775 2834 854 2896 ludia
873 2835 1052 2896 eireensrlms
1071 2838 1150 2898 vicit
1192 2838 1241 2900 64.

100 2936 148 3009 ibi,
169 2940 201 2998 in
226 2936 274 3001 bia
297 2942 390 3021 equis.
492 2940 670 3011 Umbrorum,
696 2938 841 3007 Manium,
865 2936 896 2997 h.
921 2937 941 2997 1.
963 2938 1004 3000 id.
1028 2938 1077 3018 qd.
1098 2941 1243 3020 mcp'orun.

99 3038 218 3099 tonino
236 3049 347 3101 mutare
358 3038 508 3120 jubentur,
522 3039 698 3099 venduntur.
780 3038 916 3119 epirediu,
930 3058 959 3098 v.
973 3035 1044 3099 Ver.
1059 3040 1143 3101 Lect.
1164 3060 1168 3065 ·
1194 3040 1244 3109 67.

103 3142 280 3223 segnipedes,
294 3143 461 3227 βραόὖοηδις.
544 3140 633 3204 Motis
653 3142 800 3203 uerrendis
812 3142 844 3203 in
863 3135 994 3221 pistrinis
1016 3142 1149 3202 adhiberi
1170 3144 1243 3205 sole·

103 3227 169 3303 bant
182 3244 259 3305 aaini
272 3246 405 3329 mulique
419 3248 511 3317 senes,
525 3244 666 3306 cantherii
682 3246 802 3316 debiles,
823 3246 875 3325 qui
889 3243 974 3323 pelea
986 3244 1064 3304 vesei
1077 3244 1243 3325 ictibusque

103 3346 259 3407 eruloerari
274 3341 454 3411 solebant-²⁹
534 3348 631 3427 Nepos
649 3348 776 3419 molitor,
798 3349 884 3428 eujus
903 3358 933 3406 et
953 3346 1097 3407 Martialis
1120 3350 1243 3410 mentio·

105 3466 173 3508 nem
191 3450 265 3511 fuit
328 3450 366 3512 68
383 3474 442 3531 seq.
466 3450 609 3512 Prteolara
621 3452 790 3524 admonitio,
804 3452 942 3511 omnibus
954 3450 1127 3513 inculcanda
1138 3454 1244 3514 nobili-

106 3550 170 3609 bus
249 3559 281 3611 at
302 3550 436 3612 miremur
455 3561 482 3612 te
501 3552 598 3631 ipsum
610 3562 735 3631 tuusque
749 3536 883 3624 virtutes,
902 3572 956 3611 non
969 3561 1027 3622 tua,
1041 3554 1165 3634 majores
1178 3565 1245 3615 tuos

108 3669 268 3730 eorumque
288 3652 442 3731 imagines,
462 3670 556 3730 genus
569 3661 600 3713 et
612 3652 744 3731 gloriam.
827 3651 942 3733 Aliquid
953 3655 1085 3733 praeeleri
1108 3656 1155 3726 do,
1180 3658 1245 3728 ede,

106 3752 162 3825 fae,
174 3774 240 3833 age.
313 3754 444 3817 Incidere
455 3756 553 3829 titulis,
567 3756 630 3817 beai
645 3767 746 3817 statute
760 3766 829 3816 tuae.
850 3754 974 3829 honores,
986 3758 1088 3819 titulos
1100 3760 1246 3838 majorum

106 3864 234 3913 tuorum.
279 3858 330 3923 70.
345 3855 411 3930 illis,
432 3857 611 3935 perentibus,
634 3857 733 3937 quidm
748 3850 830 3918 detes
847 3858 947 3929 ornnia,
965 3879 1081 3918 omnem
1105 3858 1246 3918 bonorem

102 3960 132 4015 et
158 3956 321 4018 fortunam.
365 3966 413 4026 71.
428 3961 571 4039 juvenem,
595 3958 776 4022 Rubellium.
818 3968 864 4027 72.
885 3960 998 4020 Nerone
1019 3961 1185 4042 propinquo,
1209 3960 1247 4021 de

101 4074 162 4134 quo
176 4056 275 4137 magis
288 4058 394 4119 debuit
411 4062 580 4120 erubescere
590 4083 601 4132 ;
621 4069 679 4121 vet:
694 4056 792 4120 Schol.
868 4060 981 4139 plenrrm
1003 4060 1115 4119 Nerone
1134 4061 1247 4141 oropin-

101 4178 165 4237 puo,
189 4159 243 4239 qui
265 4162 432 4251 semper-vin
452 4174 551 4223 mente
570 4174 601 4223 et
615 4183 666 4223 ore
680 4162 768 4223 habet
780 4161 1030 4243 propinquitatem
1052 4163 1259 4245 Imperatoris„

132 4323 156 4353 ¹
172 4322 217 4371 Cl'.
231 4321 301 4387 virg.
324 4324 384 4373 AEn.
399 4326 481 4385 VIII,
498 4331 555 4377 ³10.
575 4326 662 4377 Burm.
728 4327 748 4357 ⁸
759 4326 831 4377 emt.
845 4326 921 4389 Apul.
932 4325 1105 4375 deminorare
1126 4328 1166 4377 lib.
1178 4329 1242 4380 VII·

100 4384 276 4501 Ῑ1319111111.
291 4382 324 4439 a.
339 4389 560 4449 euoenon.
584 4390 621 4441 11.
641 4392 664 4452 1,
697 4401 721 4442 n
732 4392 782 4445 111.
793 4392 866 4445 uns
881 4392 946 4443 sm
959 4391 1005 4477 11,
1017 4396 1073 4442 sn.
1085 4398 1192 4461 arsen
