3100 5250
267 460 360 565 '2n
669 496 1059 563 concurreramus

294 694 361 733 rum
374 674 540 751 hominurn)
558 674 620 751 jum
639 673 790 731 oraculum
810 673 881 743 edit,
902 671 1007 751 inquo
1019 690 1127 750 magna
1145 670 1278 729 minatur
1289 670 1378 741 mala,
1395 676 1435 733 ab

294 774 369 831 irato
382 774 501 833 nurnine
515 793 583 831 mox
603 773 805 851 peccatoribus
824 772 1016 843 immittenda,
1030 771 1232 847 hortaturque,
1246 780 1282 828 nt
1294 770 1339 829 ira
1351 770 1433 830 Deo·

294 889 359 928 rum
375 882 434 930 tarn
448 870 533 929 donis
552 888 586 927 ac
607 870 787 938 muneribus,
808 888 897 947 quam
916 867 1131 946 expiationibus
1150 866 1430 946 lustrationfbnsqne

294 972 453 1051 mitigetur.
495 971 634 1031 Similiter
657 971 831 1031 vaticmatnr
851 970 984 1031 sacerdos
1007 968 1136 1029 Bellona
1155 989 1203 1048 sp.
1226 968 1332 1027 Trbnll
1351 970 1377 1041 l,
1393 972 1424 1039 6,

294 1078 329 1130 51
347 1090 407 1149 seq.
420 1084 450 1130 et
464 1070 580 1130 oracula
593 1070 721 1129 eduntur
734 1090 781 1149 ap.
796 1068 945 1148 Aristopb.
958 1070 990 1127 in
1004 1068 1172 1147 Equitibas.
1201 1067 1342 1126 Bsmdem
1355 1089 1426 1128 vero

293 1174 526 1257 superstitionem
542 1174 650 1233 Seneca
663 1173 701 1231 de
723 1172 782 1231 vita
801 1174 886 1231 beata
899 1192 923 1231 c.
938 1179 987 1238 27.
1008 1172 1049 1229 ita
1062 1168 1183 1231 irridet:
1209 1168 1302 1235 Qun
1314 1170 1427 1229 sistrum

291 1264 393 1353 aliquis
405 1273 560 1331 concutiens
572 1293 607 1330 es
620 1272 733 1351 imperio
746 1272 884 1340 mentitur,
895 1290 978 1350 quum
990 1270 1093 1348 uliquis
1105 1268 1220 1328 secundi
1233 1268 1354 1327 laomor
1365 1290 1428 1328 auos

289 1370 521 1448 ortffex‘braclin
535 1378 616 1451 atque
630 1371 754 1429 humeros
767 1388 901 1448 suspensa
914 1388 997 1426 mana
1014 1374 1150 1435 crumtnt,
1171 1386 1253 1445 qsrun
1267 1365 1366 1444 aliqua
1378 1386 1427 1445 ge·

290 1472 372 1531 nibus
380 1493 435 1551 prr
447 1472 519 1531 uiam
533 1493 632 1552 repens
645 1473 742 1540 ulnint,
758 1471 807 1548 (ut
819 1472 871 1529 inf.
882 1492 909 1530 r.
925 1472 1008 1548 525.)
1022 1469 1185 1548 laurumque
1197 1467 1334 1526 Euentus
1344 1488 1427 1527 mea

289 1580 315 1631 ct
335 1571 579 1631 mediolanensem
602 1572 648 1631 die
665 1570 822 1651 preferens
834 1570 994 1639 maclarum,
1019 1569 1120 1627 iratum
1134 1568 1252 1647 aliquem
1277 1567 1424 1633 Deam,-

289 1673 454 1733 cnucum'tis
465 1682 490 1732 ct
503 1674 608 1734 auditis
621 1684 646 1733 et
660 1674 783 1732 diuinum
794 1693 853 1731 esse
865 1692 935 1743 eurr,
951 1671 1065 1730 inuicem
1078 1678 1199 1729 mutuum
1212 1671 1318 1729 αἱεηίιε
1330 1678 1425 1750 εἰαμ-

290 1770 518 1853 rem,'uffirrnatt'r
530 1786 584 1836 cet.
598 1810 640 1824 -
657 1774 771 1835 Grande
784 1783 873 1845 munt,
893 1786 928 1833 ut
947 1774 1099 1833 conclamat
1111 1792 1158 1851 ap.
1173 1772 1273 1832 Senec-
1286 1772 1305 1829 l.
1319 1773 1339 1831 l.
1374 1775 1421 1831 Cf.

289 1872 327 1931 ad
341 1893 368 1930 v.
383 1878 450 1931 485.
465 1871 575 1931 Britan.
589 1890 648 1931 non
662 1872 700 1933 ad
715 1892 815 1931 vocem
829 1871 936 1930 claram
947 1870 1046 1940 refert,
1060 1870 1113 1929 sed
1128 1869 1278 1929 adfaciem
1291 1870 1334 1929 rei
1346 1870 1419 1929 bor-

287 1970 418 2040 rendam,
439 1981 472 2029 ut
486 1970 531 2042 sit,
553 1970 684 2029 miranda
704 1970 838 2049 praedicit
857 1981 887 2029 et
905 1967 1045 2047 grandim
1065 1988 1147 2027 more
1160 1968 1308 2027 Gallorum
1319 1988 1416 2028 ssoer·

287 2068 448 2146 dotumque
463 2070 597 2149 AEgypti‚
606 2069 671 2149 ‚qni
691 2090 744 2149 per
759 2072 870 2131 Urbem
884 2090 952 2157 cupi
971 2069 1135 2147 insignibus
1148 2070 1208 2129 suis
1223 2068 1415 2137 vaticinantes,

285 2172 410 2233 fanatico
430 2172 557 2231 carmine
577 2173 645 2231 talia
665 2156 782 2251 populis
798 2184 921 2231 ventura
934 2172 1127 2231 minabantur.
1171 2174 1267 2232 Possis
1279 2172 1366 2231 mmm
1378 2174 1416 2231 ad

285 2272 471 2351 grandiorem
485 2270 686 2331 vaticiniorum
700 2271 860 2330 orationem
874 2272 989 2329 referre.
1019 2271 1162 2332 Praeclare
1174 2284 1274 2331 autem
1284 2283 1316 2331 et
1328 2272 1421 2331 fauete

285 2390 313 2429 v.
328 2376 496 2437 517-581.
510 2370 680 2448 designatur
701 2382 818 2430 versuta
837 2368 1001 2447 Archigalli
1020 2370 1217 2449 similiumque
1235 2372 1421 2431 moerdotnm

284 2470 404 2529 avaritia
424 2489 459 2529 ac
478 2470 567 2539 frans,
589 2470 641 2548 qui
661 2470 831 2529 morborum
851 2468 1034 2547 aliorumque
1045 2469 1189 2529 malornm
1201 2472 1421 2531 imminentium

283 2580 363 2630 metu
377 2578 487 2628 terrent
499 2567 712 2647 superstitiosas
725 2579 837 2630 menter
850 2568 1040 2648 suadentque,
1055 2580 1089 2629 ut
1101 2569 1152 2632 ira
1164 2569 1297 2632 numinis
1316 2570 1420 2630 sedan·

282 2673 330 2732 dre
342 2691 428 2732 cansa
441 2671 519 2730 dona
532 2691 696 2731 remunera
709 2674 777 2734 Diis
789 2675 846 2744 rel,
861 2675 940 2753 qnod
955 2674 1033 2732 idem
1046 2673 1093 2747 sit,
1108 2675 1310 2735 mnerdofibus
1318 2695 1421 2736 eornm

280 2774 360 2834 dent.
403 2773 585 2852 Religionem
598 2775 782 2836 sacerdotum
795 2776 932 2835 omnibus
944 2776 1076 2854 profecto
1088 2778 1270 2855 temporibus
1284 2778 1420 2836 eamdem

280 2876 378 2945 fuisse,
392 2887 474 2936 notat
487 2877 606 2936 Bnhrdt.
649 2878 732 2936 metui
743 2879 829 2955 jubet
841 2877 988 2936 adveutum
1002 2878 1170 2956 Septembris
1182 2887 1208 2936 et
1221 2879 1335 2949 Austri,
1349 2881 1378 2939 h.
1391 2901 1417 2939 e.

280 2979 439 3048 auctumni,
454 2978 484 3036 in
499 2999 558 3058 quo
571 2979 665 3038 morbi
678 2998 713 3038 ac
727 2979 824 3038 febres
842 2979 967 3056 grasmri
980 2978 1082 3039 solent.
1103 3000 1129 3037 v.
1144 2981 1183 3040 ad
1197 2981 1253 3053 IV,
1268 2980 1318 3041 56.
1361 2983 1416 3040 Fa-

279 3082 342 3144 cilis
355 3083 506 3163 praedictio
519 3101 626 3151 rernm,
640 3101 706 3159 qnae
720 3081 815 3159 vulgo·
824 3081 908 3150 fiunt,
929 3095 959 3140 et
972 3093 1041 3160 apta
1052 3082 1092 3142 ad
1105 3083 1319 3161 designandam
1333 3087 1417 3144 vani-

279 3190 368 3240 tatem
393 3179 520 3240 vaticinii
543 3189 573 3237 et
596 3177 808 3256 superstitionis
829 3177 990 3236 stultitiam.
1038 3179 1098 3238 Sed
1121 3182 1270 3258 greviorcs
1293 3203 1414 3260 qnoque

278 3283 395 3342 morbos
408 3281 453 3340 vel
469 3279 667 3339 insolentiores
681 3279 766 3357 eique
780 3279 906 3348 mulieri,
921 3301 988 3360 qun
1002 3301 1070 3340 eum
1084 3282 1218 3352 consulit,
1238 3284 1410 3361 impenden-

276 3393 322 3441 tes
334 3383 478 3442 divinssse
498 3382 660 3442 censendus
680 3391 724 3440 est
743 3374 940 3459 Archigallus.
982 3389 1050 3444 518.
1072 3384 1192 3444 Ουονιωι
1206 3407 1272 3447 unis
1285 3381 1349 3447 erat
1362 3411 1412 3449 so-

277 3483 371 3541 lennis
381 3484 412 3541 in
422 3483 641 3560 lustrationibus
654 3495 684 3543 et
697 3484 960 3556 incantationibns;
981 3487 1061 3546 unde
1074 3509 1121 3567 ap.
1137 3489 1258 3549 Lucian.
1271 3494 1308 3548 rit
1320 3493 1351 3548 ἐκ
1366 3493 1416 3550 nt·

276 3579 413 3658 mtagcriu
436 3545 477 3636 fi
500 3597 560 3637 non
584 3579 706 3651 edenda,
731 3581 782 3638 sed
802 3581 880 3640 foras
900 3583 1102 3661 projicienda,·
1130 3585 1243 3664 Grang.
1253 3587 1290 3625 ¹³⁰
1341 3596 1411 3658 519

275 3677 488 3758 Xerampcliuoe,
516 3679 702 3758 {sponsibus
727 3701 766 3743 so.
792 3693 895 3753 vestes,
920 3704 987 3762 qun
1013 3685 1139 3745 colorem
1160 3687 1289 3747 menno
1310 3688 1413 3771 (ξηῷ)

274 3777 414 3856 pampino
428 3775 570 3856 (ἀμπέλῳ)
593 3777 639 3876 vel
665 3777 731 3838 vitis
750 3778 821 3839 folio
841 3779 963 3839 similem
984 3783 1116 3861 adeoque
1135 3783 1251 3862 pullum
1271 3785 1350 3846 forte
1364 3788 1412 3847 vel

274 3877 452 3937 subrubrnm
465 3895 499 3934 ac
512 3875 655 3954 pallidum
671 3877 764 3955 (Gall.
775 3874 880 3953 serilla
891 3886 990 3961 morte)
1005 3881 1177 3942 referebant
1211 3883 1292 3945 Alii:
1314 3877 1411 3946 vestes

271 3974 375 4035 eoloris
394 3975 476 4036 siccae
494 3993 575 4046 rosae,
599 3974 651 4053 qui
665 3975 743 4035 Gall.
763 3995 824 4035 rnre
842 3975 923 4036 stclse
941 3978 1059 4052 dicitur,
1081 4001 1137 4041 nee
1154 3975 1284 4042 multum
1301 3983 1409 4045 differt.

271 4155 335 4214 v11,
353 4163 409 4207 2⁴7.
431 4159 481 4218 lx,
500 4163 556 4208 816.
579 4158 662 4207 Burm.
683 4157 714 4208 ad
737 4159 816 4209 Valar.
847 4167 903 4212 5501
918 4163 1088 4214 Lakenraeberi
1107 4166 1191 4230 Antiq.
1212 4168 1293 4216 Grac.
1309 4184 1367 4217 saer.
1380 4183 1405 4230 p.

272 4219 336 4270 Flac.
351 4220 466 4280 V1,700.
484 4222 582 4272 Salmas.
601 4223 686 4272 Exere.
707 4223 769 4271 Ptin.
790 4241 813 4286 p.
848 4232 903 4277 477.
919 4227 1035 4277 limdaus
1048 4230 1118 4279 Misc.
1133 4231 1156 4288 1.
1169 4236 1208 4281 25.
1224 4232 1360 4282 Mitscberl.
1374 4233 1408 4281 ad

269 4289 325 4335 556.
341 4285 439 4334 Gesner.
454 4286 485 4336 ad
506 4287 630 4336 claudian.
649 4289 675 4336 in
694 4289 776 4337 Rufin.
793 4292 815 4348 1,
850 4291 937 4342 Horat.
952 4293 1030 4355 Epod.
1050 4294 1080 4349 V.
1100 4301 1130 4344 19
1146 4313 1195 4360 seq.
1213 4306 1238 4344 et
1260 4297 1355 4363 Koenig
1376 4297 1411 4346 ad

271 4355 324 4426 198.
338 4359 362 4398 et
371 4350 437 4424 locus
450 4351 550 4400 Hieron.
561 4353 586 4400 in
596 4353 693 4402 Gesneri
701 4363 725 4401 st
734 4353 815 4402 suet
849 4357 915 4406 Pers.
930 4359 962 4416 V,
978 4365 1030 4408 185.
1053 4353 1131 4416 'Qus
1141 4376 1186 4409 ora
1196 4377 1246 4410 non
1261 4361 1321 4410 toris
1331 4363 1412 4426 proji-

267 4413 311 4466 len
324 4413 405 4462 Larte.
418 4415 536 4464 laudatus.
846 4423 945 4477 ciebant,
963 4432 991 4471 ut
1007 4439 1058 4472 mos
1075 4424 1171 4483 terebm
1188 4426 1230 4474 ssd
1246 4442 1262 4474 e
1273 4438 1409 4490 conspecta

300 4475 358 4526 ¹⁸r.
371 4477 402 4527 ad
414 4477 444 4535 V,
458 4485 496 4529 85.
510 4479 585 4544 intpp.
600 4482 669 4532 Ovid.
688 4483 717 4532 Α.
734 4482 765 4532 Α.
775 4483 814 4541 ll,
847 4487 924 4538 ablata
934 4488 979 4550 ipn'
990 4489 1326 4552 wdetemandneabanu
1343 4493 1409 4542 nen.
