3100 5250
473 446 524 513 IN
546 447 710 515 JUVEN.
736 447 835 515 snT.
858 448 936 513 Vll.
1208 448 1272 513 tin

114 620 245 699 pei-:eu
266 623 382 683 domne
403 640 431 680 v.
453 622 492 681 ad
514 620 572 691 lll,
594 628 641 682 ³1.
662 621 694 681 in
714 620 783 681 Vnt.
804 622 886 681 Leet.
899 649 941 671 -ι-
954 624 1003 691 59.
1018 618 1101 680 Mille
1125 619 1196 681 unni
1214 640 1270 681 nu-

113 738 230 781 menne
257 742 388 803 magnus
413 731 442 780 et
467 720 620 790 rotundus,
649 720 701 781 ned
727 720 766 780 nd
793 718 945 783 Jnmulie
973 718 1035 778 t'een
1061 729 1176 780 eutem
1202 739 1271 781 eon·

114 843 250 899 grunno.
264 824 290 864 ¹⁴
1224 894 1230 911 .

162 934 303 997 39—47.
324 926 423 985 Alteen
435 946 492 996 nte,
514 945 574 1005 que
594 926 676 987 dives
696 939 839 1005 metonae
856 934 926 984 tune
945 926 1047 995 utitur,
1073 937 1109 985 nt
1128 925 1196 986 entis
1215 925 1270 987 tibi

114 1026 251 1103 praemii
271 1045 308 1086 ne
326 1026 431 1085 iuveris
450 1025 608 1086 nonnilisse
628 1026 778 1087 uidentin:
815 1026 846 1085 si
854 1024 950 1103 sumn
962 1019 1105 1084 dulcedine
1116 1044 1271 1098 annum,

112 1146 282 1197 accentui,
296 1128 447 1206 impulnie,
463 1126 592 1188 cerminn
605 1139 657 1189 tun
670 1126 788 1189 recitem
801 1128 913 1207 cupies,
932 1129 1005 1187 oden
1017 1128 1148 1208 quidem,
1161 1127 1193 1188 in
1207 1129 1272 1209 qui·

115 1230 186 1290 bue
200 1228 316 1301 recites,
338 1231 389 1291 sed
403 1231 519 1291 minem
532 1232 677 1293 minantes
697 1232 837 1310 omnique
858 1231 1038 1311 supellectile
1058 1242 1197 1303 careum,
1217 1232 1273 1293 tibi

114 1328 317 1398 mundabit,
348 1330 443 1407 (unde
464 1330 564 1409 magni
588 1342 701 1391 sumtus
722 1332 775 1392 tibi
796 1342 884 1390 erunt
902 1330 1029 1390 faciendi
1042 1332 1074 1390 in
1087 1332 1272 1405 oouduoeuda‚

118 1432 311 1510 disponenda
327 1452 364 1491 an
376 1432 545 1512 reportanda
559 1433 689 1493 subsellio
705 1436 775 1515 cet)
790 1445 820 1494 et
833 1434 954 1494 clientes
967 1433 1021 1494 tibi
1034 1434 1213 1513 applaudere
1223 1436 1273 1515 ju·

118 1534 219 1595 bebit.
260 1536 349 1597 conf.
370 1535 410 1595 od
431 1535 457 1606 1,
474 1542 499 1595 1.
521 1546 551 1596 et
573 1544 620 1595 12.
643 1543 689 1597 13.
711 1536 831 1597 'l'ncitns
852 1536 899 1595 vel
918 1536 994 1597 nlius
1015 1546 1117 1599 unctor
1136 1537 1214 1601 Dinl.
1235 1538 1273 1599 de

125 1636 245 1695 Orator.
258 1652 283 1693 e.
298 1643 329 1705 9.
345 1634 384 1693 de
398 1632 493 1694 Saleio
508 1634 598 1695 Buseo
610 1646 715 1713 poeta:
738 1636 787 1714 (ef.
802 1656 829 1694 v.
846 1638 910 1714 80.)
934 1636 1025 1704 Quum
1045 1644 1100 1695 toto
1118 1656 1201 1707 anno,
1217 1657 1274 1718 per

124 1732 302 1803 onneediee,
325 1752 432 1811 mogun
452 1732 569 1791 noctium
586 1741 679 1813 porte,
705 1752 790 1793 unum
809 1732 909 1793 ἱίὂηινη
930 1732 1037 1793 extudit
1050 1741 1077 1793 et
1091 1733 1272 1807 elieoulruoit,

124 1848 229 1907 rogere
241 1830 318 1887 ultro
330 1838 358 1887 et
376 1830 482 1888 omliw
501 1830 618 1909 ungitur,
638 1839 669 1889 ut
689 1831 753 1902 nint,
775 1831 825 1911 qui
843 1831 995 1911 dignentur
1014 1832 1114 1893 audire
1120 1856 1135 1901 ,·
1156 1842 1183 1893 et
1196 1854 1230 1893 ne
1243 1833 1275 1892 id

126 1933 238 2011 quidem
249 1934 366 2010 gratie:
390 1954 455 1991 nom
467 1942 492 1991 et
507 1934 614 1992 donum
628 1944 781 2005 mutuatur,
795 1942 822 1993 et
835 1934 1003 1994 auditorium
1021 1936 1147 2006 eusimit,
1168 1945 1196 1995 et
1207 1936 1273 1997 sut·

124 2033 205 2094 eeliin
220 2033 358 2103 conducit,
373 2042 399 2093 et
412 2032 515 2091 libellos
529 2033 663 2113 dispergit
678 2056 691 2099 ‚·
714 2042 739 2093 et
760 2042 791 2091 ut
811 2033 984 2093 beatissimus
1003 2034 1193 2094 recitationem
1212 2035 1275 2114 ejus

128 2144 242 2193 euentus
251 2142 449 2214 prosequatur,
469 2134 556 2192 omnis
570 2136 619 2193 illo
633 2136 696 2194 loun
708 2136 787 2193 intro
799 2155 885 2193 unum
898 2144 948 2194 nut
962 2136 1079 2194 alterum
1099 2136 1180 2207 diem,
1202 2135 1275 2197 uelut

132 2234 163 2291 in
176 2234 260 2293 leerlu
272 2233 316 2292 nel
327 2234 406 2314 flore
414 2244 566 2314 proeeepta,
586 2236 626 2293 od
639 2235 743 2293 nullum
762 2239 866 2322 ςινὶαηι
886 2244 913 2293 et
931 2234 1047 2293 eolidnm
1062 2234 1191 2312 peruenit
1199 2233 1274 2312 seu·

124 2352 202 2412 gen,
217 2352 265 2391 neo
278 2341 328 2391 ont
342 2332 492 2392 amicitiem
505 2334 570 2392 inde
584 2332 678 2411 resert,
693 2341 743 2390 aut
756 2332 919 2405 clientelam,
933 2340 983 2391 uut
993 2351 1154 2391 mensurum
1167 2330 1197 2390 iu
1209 2331 1273 2391 nni-

127 2452 175 2491 ω
187 2432 355 2510 cujusquam
375 2430 552 2507 beneficium,
566 2432 616 2489 ned
634 2431 780 2490 clamorem
799 2450 901 2509 uagum
920 2442 947 2491 et
964 2450 1040 2491 nocet
1053 2430 1151 2490 inanes
1164 2438 1191 2491 et
1201 2450 1276 2511 gnu-

125 2535 208 2594 dium
223 2535 343 2595 noluere.
383 2534 544 2593 Annotntio
559 2530 662 2592 Heinr.
678 2542 741 2593 est:
771 2541 791 2570 ‘¹
805 2532 957 2592 luvenalis
971 2532 1049 2591 eedee
1061 2529 1210 2592 illiberalis
1222 2551 1276 2613 pn-

127 2635 215 2694 ttoni
229 2635 382 2692 matthas
402 2633 487 2702 dixit,
509 2653 662 2692 araneosan
683 2653 731 2692 ene
752 2632 800 2692 vel
819 2642 935 2691 textura
955 2650 1137 2703 araneorum,
1150 2630 1276 2703 memlie,

129 2733 302 2792 obductae:
322 2751 386 2790 nem
400 2732 516 2792 mneuloe
529 2743 598 2791 sunt
611 2731 764 2791 intervalla
777 2742 911 2802 textnrae,
925 2730 1069 2789 foramina
1083 2730 1145 2789 eive
1157 2741 1276 2810 opertu·

131 2855 178 2892 ree
192 2833 225 2891 in
237 2834 292 2892 reti
305 2853 354 2892 seu
367 2831 509 2902 reticuloe
529 2835 572 2910 (v.
587 2832 710 2892 Gesneri
724 2832 812 2892 Then
827 2830 863 2890 Ι.
873 2830 910 2892 Ι..
924 2843 955 2892 et
968 2829 1097 2890 Ernestii
1111 2831 1184 2892 clav.
1201 2833 1277 2911 Cic.)

125 2933 205 2992 inde
218 2931 328 2990 monela
341 2932 449 2992 dicitur
462 2932 500 2990 (le
519 2931 579 2991 tela
598 2951 780 3002 araneorum,
808 2945 900 3011 utnp.
916 2931 991 2990 Ptin.
1006 2931 1049 2988 Η.
1063 2929 1102 2987 Ν.
1117 2929 1175 3001 XI,
1190 2937 1239 2989 24.
1254 2951 1277 2992 n·

126 3045 180 3098 28.
209 3036 318 3096 Tenere
330 3055 349 3093 e
362 3035 450 3094 medio
462 3035 561 3114 incipit
573 3073 613 3086 -
626 3035 803 3115 maculaeque
817 3035 939 3114 paribus
951 3053 1060 3114 temper
1071 3030 1225 3093 intervallis
1237 3065 1279 3082 -

125 3134 320 3194 indieeoluliti
333 3133 403 3192 nodo
415 3132 547 3212 implicat.
587 3133 675 3203 Quod
689 3144 793 3212 sponte
806 3132 990 3212 intelligitur,
1005 3149 1095 3210 quam
1108 3129 1195 3190 unine
1209 3147 1279 3190 con·

126 3245 221 3315 grant
241 3233 368 3292 aedificio
387 3233 466 3311 longe
473 3232 595 3311 serrato
611 3253 645 3292 nc
659 3234 783 3305 deserto,
804 3233 933 3311 hincque
956 3232 988 3290 in
1011 3231 1070 3290 nitu
1089 3249 1125 3289 nc
1145 3229 1279 3309 equulore

129 3339 241 3418 junemi
253 3359 263 3408 ;
285 3357 377 3416 qnam
390 3339 465 3396 bene
480 3337 607 3415 denique
619 3347 809 3416 representet
821 3337 971 3396 fortunam
984 3333 1166 3394 literatorum
1183 3332 1278 3392 homi·

136 3455 222 3505 num,
246 3435 355 3514 quibus
379 3433 522 3513 ejunnndi
543 3435 620 3495 aedes
639 3436 754 3494 ruinam
774 3435 919 3493 minantes
937 3451 973 3492 ne
991 3429 1088 3512 plenae
1106 3441 1287 3492 araneorum·

139 3539 390 3598 mundabantur.
432 3539 578 3610 Ceterum,
598 3538 674 3598 ninb
687 3557 752 3608 usu,
767 3535 899 3616 legitimo
912 3547 1019 3606 tumen,
1041 3535 1214 3614 quoeeitiorie
1228 3556 1279 3596 vn·

138 3637 239 3697 cantuli
251 3637 423 3706 nemeseus,
444 3638 474 3694 in
490 3637 552 3716 ipen
565 3657 597 3696 re
610 3636 683 3696 nihil
697 3635 785 3715 plane
799 3615 938 3694 Satirieiie
951 3645 995 3696 eet
1007 3654 1105 3706 nuens,
1125 3633 1182 3694 nisi
1198 3633 1279 3712 quod

140 3735 248 3794 multis
267 3737 356 3796 nudie
381 3736 539 3796 multorum
561 3736 695 3815 exemplo
715 3736 864 3795 firmatum
885 3747 969 3808 esset,
993 3735 1105 3814 quippe
1126 3735 1200 3793 nihil
1219 3734 1279 3792 fre-

142 3835 282 3914 quentius
300 3835 396 3914 poetis
416 3835 472 3895 hec
491 3833 684 3913 descriptione
706 3853 805 3893 rerum
830 3852 987 3893 vnennrnm
1010 3832 1277 3911 neglectarumque,

131 3935 176 3992 ab
201 3953 372 3994 arenearum
397 3933 521 3994 texturis
544 3934 675 4012 repetita.
701 3952 729 3990 v.
750 3931 850 3994 Clark.
871 3931 909 3988 nd
931 3930 1022 3989 Hom.
1043 3928 1101 3989 od.
1123 3927 1209 3998 XVI,
1230 3935 1278 3987 35.

131 4034 273 4094 Beonkh.
286 4035 326 4094 nd
341 4035 428 4113 Prop.
445 4035 501 4105 lll,
518 4042 546 4106 4,
562 4043 609 4095 33.
632 4035 732 4092 Burm.
753 4032 791 4091 nd
812 4027 933 4090 Anthol.
955 4029 1020 4089 Lat.
1041 4027 1078 4086 Τ.
1100 4027 1141 4086 Il.
1161 4048 1193 4106 p.
1212 4026 1279 4087 564.

127 4138 282 4198 Valcken.
308 4137 403 4198 Dintr.
426 4139 457 4197 in
470 4135 581 4218 'Eurip
604 4137 720 4216 Frngm.
741 4156 771 4215 p.
795 4133 861 4204 169.
883 4133 992 4212 Heyne
1011 4132 1050 4191 nd
1067 4130 1176 4192 Tibull.
1191 4131 1217 4203 l,
1234 4139 1281 4192 10.

166 4316 186 4346 ¹¹
201 4317 263 4364 Fuit
278 4317 343 4365 enim
363 4317 486 4367 Homerus
499 4318 567 4366 annis
582 4326 638 4365 ente
652 4319 699 4366 Ur·
731 4317 806 4378 intpp.
827 4315 914 4364 Vellei.
936 4313 958 4372 1,
978 4319 1002 4364 5.
1023 4326 1047 4363 et
1069 4315 1167 4364 sumas.
1192 4316 1277 4365 Exere.

130 4385 192 4431 bem
219 4382 342 4430 eonditum
361 4393 459 4432 eentum
476 4384 534 4432 Lx.
555 4392 607 4446 post
625 4381 699 4430 lliuin
734 4382 797 4432 Plin,
811 4398 834 4444 p.
846 4387 902 4431 866.

128 4460 240 4510 mptum
251 4443 362 4497 ducentii
374 4447 433 4497 LX.
444 4467 452 4509 3
469 4457 515 4496 vet.
528 4449 604 4498 Schol.
626 4447 695 4497 Conl.

692 4533 742 4580 U3
