3100 5250
311 470 354 529 ιι
376 430 384 448 “
684 463 1076 531 COMMENTARIUS

311 639 394 699 nefus
407 638 465 709 sit;
485 656 552 697 nam
566 659 600 697 ea
613 658 672 723 non
686 641 828 700 sudemus
841 640 1000 712 nominare,
1022 661 1089 719 quse
1102 638 1182 699 foeds
1195 594 1461 721 abominandaque
1539 654 1541 684 ³

312 741 493 812 sun15Brit.
534 742 593 801 Sed
613 753 642 801 et
662 743 832 821 periculosa.
846 744 1085 803 —154.Verbe
1108 743 1172 802 huso
1195 744 1308 803 Bshrdt
1331 744 1458 804 Lucilio
1539 759 1541 791 ῑ

310 845 414 905 tribuit
427 855 456 904 et
470 846 633 923 Grangoeus
647 858 750 923 poetre,
768 847 820 923 qui
834 846 971 904 monitori
984 846 1168 924 respondeat.
1210 838 1270 905 Sed
1281 849 1368 917 bene,
1382 849 1456 926 opi-

310 966 373 1016 nor,
393 948 507 1007 monuit
526 946 609 1017 Brit,
632 959 662 1006 et
680 938 745 1007 hec
765 958 795 1007 et
815 947 913 1006 omniu
926 947 976 1006 ills
988 969 1006 1005 s
1019 969 1047 1005 v.
1065 955 1231 1015 150-157.
1246 969 1309 1008 esse
1321 968 1456 1028 occupa-
1539 987 1541 996 ‚

309 1047 418 1105 tionem
447 1046 495 1105 vel
517 1046 765 1125 presumtionem
791 1044 919 1127 optundat
942 1056 1037 1123 poetse
1060 1049 1239 1125 occupantis,
1268 1068 1333 1126 quse
1354 1049 1455 1127 objici
1539 1073 1541 1076 ·

308 1144 428 1222 possint.
471 1144 610 1205 Similiter
624 1145 794 1205 Heinecke:
816 1154 836 1179 “
851 1146 941 1205 Portu
953 1142 1068 1203 inducit
1088 1143 1216 1222 &liquem
1237 1144 1292 1203 sibi
1306 1144 1454 1224 objicien-

308 1258 383 1307 tem:
405 1248 455 1305 An
469 1259 502 1307 tu
516 1247 619 1307 eedem
632 1246 775 1317 libertate,
790 1266 849 1326 quc
861 1246 973 1325 priores
990 1239 1114 1313 Setirici,
1135 1246 1269 1306 homines
1281 1248 1454 1325 uituperare

306 1350 437 1428 poteris?
481 1348 605 1409 Minime
618 1349 758 1428 profecto.
801 1340 858 1407 vix
872 1348 981 1407 sudere
994 1367 1149 1427 possumus
1168 1347 1331 1408 libertatem
1350 1349 1455 1407 nomi-

307 1466 385 1519 nsre,
410 1447 448 1506 de
469 1467 503 1506 es
523 1447 613 1525 loqui,
638 1447 783 1516 timentes,
807 1467 846 1506 ne
868 1466 972 1525 poenss
991 1446 1104 1506 demus.
1145 1448 1238 1531 Apud
1251 1468 1320 1507 avos
1330 1460 1455 1508 nostros
1539 1479 1540 1482 ¹

306 1550 391 1619 aliter
404 1570 450 1609 res
465 1572 495 1610 se
510 1550 645 1621 habebat,
665 1562 696 1609 et
708 1550 840 1609 Lucilius
854 1569 914 1609 uon
928 1552 1050 1609 curabat
1063 1548 1208 1621 Mucium,
1222 1552 1247 1609 si
1260 1551 1309 1610 vel
1320 1552 1455 1609 maxime
1539 1561 1540 1564 ’

306 1664 498 1723 succenseret,
520 1654 571 1712 sed
590 1673 670 1713 nunc
690 1672 798 1731 magns
816 1670 915 1711 rerum
934 1651 1067 1723 mutatio,
1088 1663 1119 1711 et
1137 1653 1323 1732 gravissimas
1345 1674 1454 1732 poenss

307 1754 400 1828 debis,
415 1756 439 1815 si
453 1755 634 1835 Tigellinum
648 1755 780 1816 lteseds”
822 1754 921 1832 Refert
934 1764 965 1813 et
978 1754 1103 1833 ignorem
1115 1754 1191 1814 dixit
1203 1766 1282 1815 recto
1295 1769 1326 1815 et
1338 1758 1454 1834 ἐμφανι-

309 1860 368 1929 ιιῶς,
386 1859 520 1939 quumvis
534 1859 563 1917 in
578 1878 610 1917 re
624 1857 770 1937 preterita
784 1867 873 1935 atque
887 1867 996 1934 erepta,
1009 1876 1083 1933 pro:
1105 1856 1261 1935 sliqusndo
1275 1878 1353 1928 sane,
1373 1858 1454 1917 dum

308 1940 441 2021 Lucilius
455 1963 574 2031 viveret,
597 1960 719 2039 impune
732 1959 840 2019 licebat
854 1958 995 2037 castigare
1009 1958 1126 2019 Mucios
1139 1978 1173 2019 uc
1186 1959 1352 2019 Muciorum
1366 1960 1453 2019 simi-

306 2059 349 2120 les
358 2084 367 2132 ;
389 2060 495 2120 Heinr.

349 2144 416 2223 155.
437 2162 516 2221 Pone
538 2162 604 2222 loco
627 2161 721 2221 Mucii
748 2160 924 2240 Tigellinum,
946 2169 1069 2239 propter
1087 2158 1305 2219 similitudinem
1327 2180 1454 2218 snorum

306 2262 503 2341 vitiorumque
524 2262 635 2321 Neroni
648 2272 679 2321 et
692 2260 797 2319 Gelbae
810 2260 1036 2330 amicissimum
1059 2258 1097 2316 de
1110 2280 1168 2337 quo
1180 2279 1208 2317 v.
1222 2271 1280 2319 vet.
1296 2259 1394 2319 Schol.
1410 2262 1453 2319 sd

305 2362 335 2421 h.
350 2363 368 2421 l;
387 2364 456 2422 Tuc.
470 2364 549 2421 Anu.
570 2362 656 2431 XIV,
671 2368 718 2421 tt.
736 2369 782 2420 51.
805 2362 870 2439 (ubi
890 2362 928 2421 cf.
943 2362 1039 2441 Lips)
1062 2370 1110 2429 57.
1124 2360 1193 2431 XV,
1207 2368 1256 2426 57.
1271 2367 1320 2422 40.
1337 2368 1384 2421 50.
1399 2370 1450 2428 72.

307 2461 392 2529 XVI,
417 2470 463 2528 17.
487 2470 532 2530 19.
556 2472 586 2520 et
607 2461 687 2520 Hist.
708 2460 733 2530 l,
755 2468 803 2527 72.
826 2459 906 2518 Suet.
921 2459 1008 2519 Gslb.
1032 2468 1077 2519 15.
1121 2460 1216 2519 Possis
1236 2459 1325 2519 etism
1343 2480 1452 2539 ponere

306 2558 391 2619 docte
405 2560 534 2638 positum
548 2560 678 2637 accipere
692 2578 746 2638 pro
759 2560 906 2637 effingere,
927 2558 1091 2618 describere
1098 2580 1109 2631 ,·
1130 2578 1230 2638 propr.
1245 2558 1365 2637 fingere,
1386 2559 1450 2617 for·

305 2675 394 2725 mure,
416 2657 453 2714 de
473 2656 643 2732 pictoribus·
655 2667 686 2714 et
708 2656 862 2727 statuariis,
886 2669 920 2716 ut
935 2659 1022 2716 sitim
1034 2669 1065 2716 et
1083 2676 1188 2736 ponere
1199 2675 1247 2734 up.
1264 2656 1344 2715 Pers.
1357 2658 1382 2727 1,
1398 2665 1449 2724 70.

307 2758 372 2836 (ubi
386 2779 414 2816 v.
430 2757 554 2836 Koenig)
577 2759 650 2817 Hor.
665 2762 704 2817 Α.
723 2759 755 2816 Ρ.
770 2766 818 2818 st.
832 2759 870 2816 ul.
883 2797 926 2810 -
941 2768 1006 2827 157.
1025 2766 1090 2818 158.
1115 2758 1204 2818 Toedu
1224 2756 1327 2816 lucetis
1346 2759 1375 2815 in
1396 2758 1449 2816 itta

306 2856 367 2916 scil.
381 2856 489 2916 tuuicae
502 2855 641 2926 moleste,
657 2854 709 2935 (de
723 2876 782 2934 qus
795 2877 823 2914 v.
837 2857 876 2915 sd
888 2857 978 2927 VlII,
992 2859 1077 2929 235.)
1092 2876 1148 2936 quo
1162 2855 1263 2913 ardent
1275 2862 1387 2924 naues,
1405 2855 1449 2913 sd

304 2959 405 3037 pulum
419 2957 549 3036 deligati,
563 2957 612 3037 qui
620 2956 740 3037 fumant
749 2960 819 3035 fixo
828 2966 951 3038 guttere,
971 2959 1071 3037 stipite
1083 2977 1138 3037 per
1150 2968 1255 3036 guttur
1267 2957 1377 3025 educto,
1393 2957 1448 3034 (cf.

304 3061 372 3120 Sen.
388 3063 443 3140 Ep.
459 3059 555 3140 XIV.)
576 3069 601 3118 et
615 3061 700 3118 lutum
715 3059 821 3119 sulcum
841 3061 872 3118 in
885 3061 976 3119 medio
989 3081 1078 3118 ureno
1091 3059 1210 3128 diducis,
1233 3059 1351 3138 proprie
1363 3059 1449 3116 didu-

304 3185 358 3234 σοι,
373 3165 505 3225 defossus
518 3177 549 3224 et
561 3163 630 3242 igne
645 3163 842 3223 circumdatus
859 3165 909 3243 (ut
921 3185 969 3243 sp.
983 3165 1049 3223 Seu.
1065 3164 1103 3222 de
1116 3163 1160 3222 irs
1174 3164 1233 3236 111,
1248 3172 1267 3222 3
1280 3166 1448 3241 extr.)-me-

305 3260 383 3318 dism
411 3281 528 3320 srensm
551 3262 632 3322 sulco
657 3259 780 3330 divides,
807 3260 949 3320 diffindes.
991 3261 1080 3321 Plura
1106 3261 1212 3320 hurum
1239 3260 1449 3321 crudelitatum

292 3361 438 3440 'exempla
458 3353 656 3422 memorarunt
676 3363 771 3441 intpp.
785 3362 824 3420 sd
844 3365 910 3423 Sen.
924 3362 957 3421 11.
971 3362 1002 3420 11.
1016 3375 1047 3422 et
1061 3362 1138 3421 Geli.
1155 3363 1215 3432 111,
1232 3369 1277 3422 14.
1319 3363 1450 3421 Diversa

209 3461 220 3486 ⁰
303 3470 402 3519 nutem
418 3461 575 3520 verborum
589 3473 730 3541 tempore,
752 3473 787 3520 ut
798 3462 828 3520 h.
842 3461 862 3519 l.
876 3461 978 3522 lucebis
992 3473 1023 3521 et
1042 3461 1160 3529 diducis,
1181 3461 1338 3539 sepissime
1353 3462 1449 3539 jungi

303 3569 425 3616 monent
444 3557 535 3617 Hein.
556 3571 594 3631 et,
615 3582 689 3638 quos
708 3561 848 3630 laudavit,
871 3559 1029 3618 Ruhnken.
1049 3559 1088 3617 sd
1109 3557 1199 3617 Rutil.
1220 3559 1336 3636 Lup.1‚
1353 3567 1400 3617 18.
1414 3569 1448 3617 et

305 3655 396 3714 Gron.
410 3656 448 3714 sd
464 3657 530 3717 Sen.
545 3657 583 3715 de
596 3657 639 3716 irs
654 3659 714 3730 III,
731 3669 759 3719 3.
783 3661 830 3718 ef.
844 3661 968 3720 Excurs
982 3659 1020 3717 sd
1033 3658 1097 3717 h.1.

346 3767 412 3820 158.
429 3768 494 3832 159.
517 3761 678 3840 Responsio
691 3775 805 3841 postte:
828 3763 1011 3841 potienteme
1024 3760 1178 3819 ferendum
1192 3771 1246 3830 est,
1260 3760 1447 3820 sceleratissi-

302 3881 365 3920 mos
378 3859 510 3919 homines
524 3860 665 3937 superbos
679 3870 710 3919 et
723 3861 862 3920 sublimes
876 3860 946 3918 ferri
965 3859 997 3916 in
1016 3858 1127 3917 lecticis
1147 3869 1178 3918 et
1197 3878 1252 3917 nos
1269 3857 1444 3936 despicere?

301 3990 342 4004 -
356 3963 421 4016 158.
437 3955 512 4014 Haec
527 3957 614 4014 verba
629 3955 747 4034 proprie
761 3956 799 4014 sd
814 3955 992 4035 Tigellinum
1009 3965 1150 4033 spectum,
1171 3955 1196 4014 si
1216 3954 1290 4014 fides
1308 3953 1446 4013 habendo

302 4055 399 4113 Probo
414 4054 627 4114 Grammatico:
651 4055 734 4132 (nam
753 4053 833 4113 uliud
846 4054 1046 4115 testimonium
1060 4052 1257 4131 desideratur)
1276 4049 1444 4129 Tigellinus,

302 4147 380 4207 Ιιοιιιο
391 4152 508 4210 osrnium
522 4149 712 4232 nequissimus,
726 4158 784 4209 tres
793 4158 912 4229 patruos
925 4149 1030 4220 babuit,
1047 4169 1116 4228 quos
1127 4167 1228 4218 muner,
1243 4155 1274 4205 ut
1286 4167 1379 4206 comni
1395 4147 1444 4206 de-

241 4291 244 4298 .
302 4251 465 4313 reditntibus
485 4255 632 4335 potiretur,
658 4271 760 4314 uenum
782 4253 926 4322 absumus,
949 4252 1153 4330 subtractisque
1179 4248 1293 4308 cunculis
1314 4257 1340 4307 et
1358 4245 1446 4325 soluo

301 4353 402 4412 tubulis
424 4357 542 4436 signatis
564 4358 730 4418 hereditates
752 4375 865 4448 ncvnmo
878 4353 979 4414 scriem
1000 4363 1160 4415 comecutus
1180 4361 1228 4411 est.
1312 4350 1443 4420 Auertitur,
