3100 5250
304 456 348 517 ro
666 446 1070 559 connumeres

301 622 362 681 nris
381 638 539 701 poemtque
558 622 669 701 legum,
689 622 757 705 jani
772 637 841 685 snte
860 624 971 685 Iuliam
991 622 1180 702 Papiamquc,
1203 623 1234 682 in
1254 624 1334 686 Acta
1353 626 1456 689 fuisse

302 721 401 783 relata
432 724 463 782 C.
478 725 532 794 lx,
548 730 595 783 84.
618 725 738 787 salmas.
752 728 857 788 Exere
872 728 947 789 Plin
963 749 992 807 p.
1007 733 1078 792 717·
1097 725 1262 786 ordeacio
1275 738 1393 788 senatus
1408 749 1455 788 oe

302 822 405 901 populi
419 824 457 883 sd
470 823 541 894 vll,
561 832 627 884 104.
641 826 722 904 Lipe.
735 827 755 885 I.
770 827 790 886 l.
806 841 836 887 et
850 826 967 886 Ernesti
981 826 1053 884 Exc.
1064 823 1104 882 ud
1118 824 1198 883 Suet.
1213 828 1286 886 Ces
1301 836 1327 886 c.
1342 836 1451 887 20.-

305 936 372 994 137.
387 935 546 986 tormentum
560 928 660 998 ammi,
675 928 767 999 dolor,
783 928 936 1007 (egritudo,
947 924 1109 987 nubentibus
1119 925 1188 985 viris
1201 927 1297 998 Itoerct,
1310 950 1358 987 eos
1369 950 1446 1007 per-

301 1044 390 1109 petuo
403 1030 493 1109 angit
538 1037 605 1091 138.
619 1040 703 1110 partu
717 1032 837 1092 retinere
845 1032 967 1102 tuantur,
978 1031 1149 1092 maritorum
1163 1050 1292 1090 amorem
1305 1032 1440 1092 fimare:

301 1149 369 1188 num
382 1128 466 1189 liberi
480 1130 585 1188 amoris
599 1112 788 1209 conjugiique
801 1130 920 1190 vincula
932 1142 1001 1189 sunt
1013 1150 1048 1191 ac
1062 1131 1193 1209 pignere,
1214 1129 1327 1190 steriles
1339 1142 1445 1191 autem

300 1251 405 1291 uxorea
419 1252 496 1310 saepe
509 1232 606 1291 minus
616 1242 761 1300 amantur,
776 1219 832 1290 nec
845 1250 910 1289 raro
923 1230 1011 1289 etiam
1019 1230 1249 1308 repudiabuntur
1258 1250 1277 1288 a
1291 1229 1442 1291 Romanis.

295 1330 386 1393 ,Conf-
402 1330 456 1401 vl,
473 1336 530 1390 142
545 1351 604 1409 seq.
626 1339 656 1390 et
669 1328 824 1405 Claudiam
838 1329 958 1400 XVIII,
974 1337 1012 1396 72
1026 1350 1086 1409 seq.
1110 1328 1226 1389 Femina
1241 1348 1322 1408 quum
1334 1329 1440 1400 renuit,

297 1431 397 1489 ¹retinet
410 1429 545 1489 connubio
555 1438 643 1509 portu
657 1444 711 1491 oet

343 1535 408 1599 189.
426 1534 491 1588 140.
510 1526 591 1589 Bene
605 1530 751 1589 consuluit
764 1528 932 1589 bominibus
945 1540 1060 1600 natura,
1081 1548 1149 1607 quae
1163 1526 1324 1607 prohibuit,
1341 1547 1440 1588 marea

299 1630 462 1710 concipere,
490 1632 544 1693 etsi
570 1618 696 1693 maxime
720 1632 751 1691 id
774 1634 903 1713 cupiant
985 1633 1066 1713 Lyde
1090 1650 1200 1691 nomen
1226 1632 1441 1709 unguentarioe,

299 1734 495 1812 promittentis
507 1755 543 1795 ac
555 1735 732 1797 venditantis
745 1736 945 1806 medicamina,
960 1734 1140 1796 sterilitatem
1153 1735 1326 1806 amoventis,
1340 1734 1443 1813 qualia

299 1856 318 1895 e
337 1835 458 1898 medicis
477 1839 727 1913 commendantur,
750 1850 781 1900 et
801 1841 909 1919 quibus
927 1839 1013 1919 pyris
1031 1837 1097 1918 ejus
1116 1838 1225 1897 conditu
1243 1838 1272 1897 b.
1287 1860 1313 1897 e.
1330 1840 1444 1899 referte

299 1951 352 2000 est.
415 1941 514 2021 Pyrir,
529 1943 583 2001 Gr.
597 1942 681 2021 staffile,
693 1941 863 2022 (schmuck-
877 1942 941 2001 und
954 1941 1240 2021 toilettenkiistcben)
1252 1940 1385 2019 primum
1398 1962 1442 2001 ex

299 2040 388 2109 buxo,
401 2038 503 2120 (rifip)
514 2040 597 2119 ligno
605 2042 695 2101 ,facile
707 2042 855 2120 poliendo,
870 2040 977 2100 deinde
989 2060 1026 2099 ex
1039 2060 1111 2099 auro
1123 2052 1278 2119 argentove
1290 2039 1441 2097 confecta.

301 2142 348 2205 cf.
362 2142 504 2221 Bbttigeri
525 2140 633 2204 Sabina
651 2164 681 2221 p.
695 2142 743 2214 69.
757 2154 788 2203 et
802 2150 849 2210 87.
863 2143 910 2203 ed.
924 2162 969 2221 pr.
1050 2140 1170 2221 turgido,
1191 2140 1342 2220 epitheton
1362 2140 1441 2199 anui

299 2241 474 2302 conveniens
481 2265 492 2313 ,·
514 2238 849 2323 Beroaldssturgenteset
858 2242 994 2321 gravidas
1002 2242 1127 2301 reddens
1135 2252 1281 2300 matronas
1289 2264 1298 2312 ;
1320 2240 1438 2319 Grang.

301 2346 368 2397 142.
383 2340 516 2418 Luperci,
539 2340 625 2400 Panis
639 2342 812 2410 secerdotes,
832 2340 905 2400 nudi
924 2360 979 2418 per
991 2341 1095 2398 urbem
1108 2338 1320 2405 discurrebant,
1343 2337 1441 2414 (uude

298 2434 328 2493 h.
341 2435 363 2495 l.
377 2436 447 2515 agili
459 2436 511 2515 L.)
532 2448 563 2496 et
579 2437 696 2497 scuticis
709 2435 757 2497 vel
770 2437 881 2507 ferulis,
902 2458 920 2496 e
939 2437 1060 2514 caprino
1079 2436 1159 2496 oorio
1177 2435 1271 2506 factis,
1291 2447 1375 2512 terga
1389 2434 1439 2493 vel

299 2531 436 2592 humeros
448 2532 502 2609 (11.
524 2534 542 2591 1.
560 2532 673 2611 polmus
685 2554 707 2593 s.
721 2554 836 2603 munus,
857 2546 892 2593 ut
904 2554 952 2613 sp.
966 2534 1044 2592 Plut
1059 2535 1089 2591 in
1103 2535 1192 2611 Cera)
1214 2532 1365 2593 credebant
1383 2534 1439 2591 ob·

300 2635 424 2704 viarum,
449 2637 598 2713 praecipue
621 2637 788 2707 mulierum,
813 2658 886 2716 quaa
907 2637 977 2696 inde
1000 2637 1141 2696 fecundas
1162 2637 1247 2696 reddi
1274 2638 1440 2714 putabant:

300 2733 380 2810 quod
393 2743 497 2791 notum
510 2752 547 2792 ex
563 2733 651 2792 Ouid
667 2734 744 2794 Fast.
761 2733 804 2807 11,
819 2742 879 2795 425
894 2756 954 2814 req.
968 2747 999 2796 et
1011 2736 1049 2809 V,
1067 2743 1134 2796 102.
1148 2736 1200 2795 ubi
1213 2757 1241 2794 v.
1257 2735 1360 2794 Heius.

342 2841 509 2897 143-148.
532 2835 618 2896 Viros
644 2838 756 2897 nubere
783 2838 988 2916 turpissimum
1011 2839 1131 2918 quidem
1158 2851 1212 2908 eat,
1239 2838 1289 2897 sed
1310 2837 1439 2916 turpius,

300 2938 379 3016 quod
399 2937 506 2998 nostris
525 2940 707 3018 temporibus
732 2939 869 3012 vidimus,
893 2941 971 3001 viros
988 2941 1183 3002 nobilissimos
1202 2962 1296 3000 urenoe
1316 2962 1440 3020 operam

299 3041 386 3102 edere
400 3053 430 3102 et
441 3043 479 3101 ad
494 3052 570 3103 artes
584 3043 750 3103 inhonestas
769 3042 975 3121 gladiatorum,
998 3044 1050 3123 qui
1071 3064 1172 3104 omnes
1192 3044 1314 3104 infames
1331 3044 1440 3116 habiti,

300 3143 344 3218 (v.
358 3141 431 3216 Leg-
448 3141 472 3199 Ι.
487 3141 502 3217 5
517 3149 545 3202 2.
562 3162 598 3201 ss.
612 3141 650 3200 de
663 3141 802 3221 testibus)
823 3142 1007 3203 descendere.
1044 3143 1090 3201 Cf.
1106 3142 1160 3212 IV,
1175 3151 1215 3213 99
1229 3163 1288 3221 seq.
1310 3155 1340 3201 et
1352 3142 1440 3200 simil.

298 3241 354 3299 loc.
379 3240 468 3313 VIII,
492 3251 658 3314 192-194.
678 3255 709 3303 et
732 3249 899 3313 198-210.
927 3245 979 3305 ubi
1004 3244 1120 3323 singule
1146 3244 1290 3304 illustrate
1316 3243 1440 3302 videbis.

297 3342 384 3418 Vicit,
399 3346 546 3422 superavit
559 3347 600 3406 rei
614 3345 807 3424 turpitudine,
823 3345 874 3405 loc
885 3355 1043 3418 monstrum,
1060 3347 1138 3407 hunc
1150 3366 1213 3406 rem
1227 3345 1388 3405 inauditam
1402 3365 1441 3405 ac

298 3439 417 3512 fredam,
432 3441 492 3500 scil.
508 3463 573 3521 quae
587 3445 625 3503 de
638 3446 709 3504 vitis
723 3445 903 3505 nubentibus
916 3445 987 3504 dixi.
1018 3446 1063 3516 cf.
1077 3445 1115 3504 ad
1128 3467 1157 3504 v.
1176 3451 1241 3504 122.
1329 3444 1442 3504 Tunica

297 3549 328 3598 et
340 3539 457 3617 galerus
469 3538 587 3600 habitus
602 3542 730 3613 Retiarii,
751 3554 787 3602 ut
798 3561 880 3600 urma
892 3542 957 3621 ejus
966 3540 1089 3620 furtiuo
1110 3553 1140 3601 et
1158 3553 1229 3602 rete.
1250 3563 1278 3600 v.
1293 3542 1331 3600 ad
1346 3540 1438 3610 VIII,

297 3645 357 3697 200
372 3658 431 3716 seq.
514 3637 671 3710 Lustruoit,
685 3640 877 3719 percucurrit,
893 3660 1007 3700 arenam
1016 3639 1109 3720 firgo,
1123 3650 1158 3700 ut
1163 3639 1248 3719 fugit
1261 3640 1352 3710 VIII,
1367 3647 1438 3700 208.

300 3747 366 3801 145.
385 3739 559 3808 Generoaior,
579 3741 736 3820 antiquiori
750 3762 785 3803 ac
798 3743 935 3803 nobiliori
946 3763 1056 3822 genere
1068 3754 1165 3815 natus,
1187 3742 1305 3802 Manliis
1321 3742 1439 3822 Cupito·

296 3841 370 3910 linis,
385 3839 544 3913 Marcellis,
561 3839 670 3899 Catulis
682 3853 712 3900 et
727 3841 837 3901 AEmilii
853 3841 951 3902 Paulli
963 3842 1122 3914 minoribua,
1135 3842 1165 3900 b.
1176 3861 1201 3900 e.
1215 3843 1348 3921 posteris,
1363 3854 1398 3902 ut
1412 3843 1437 3911 I,

298 3939 430 4000 renuti
444 3950 547 4000 unot.
592 3937 767 4011 Generorior,
780 3941 915 4013 nobilior,
931 3953 965 4001 ut
977 3941 1033 4013 VI,
1051 3948 1117 4000 124.
1134 3940 1206 4010 VII,
1222 3949 1288 4010 191.
1311 3941 1378 4019 (ubi
1392 3953 1438 4001 ta-

295 4057 363 4097 men
375 4038 423 4098 hae
435 4057 522 4097 voces
535 4037 617 4097 vario
630 4057 717 4097 sensu
731 4039 896 4119 capiendae)
911 4039 1000 4109 VIII,
1015 4047 1064 4100 30.
1080 4047 1149 4099 224
1163 4073 1204 4088 -·
1222 4044 1287 4105 147.
1301 4038 1438 4098 Omnibus

296 4140 335 4197 od
348 4141 462 4218 podium
482 4139 676 4220 mamanibus,
697 4141 728 4199 h.
744 4161 768 4198 e.
783 4139 969 4202 nobilissimis
982 4141 1054 4201 aliis.
1136 4141 1255 4201 Pedium
1270 4141 1302 4199 in
1315 4140 1393 4200 circo
1405 4153 1437 4202 et

295 4241 509 4321 amphitheatro
519 4244 671 4304 dicebatur
683 4244 852 4322 projectum
865 4265 917 4304 seu
930 4265 998 4324 pars
1011 4244 1168 4325 projectior
1181 4257 1212 4303 et
1224 4244 1438 4322 pmminentior

296 4338 382 4410 muri,
407 4359 523 4402 arenam
544 4344 676 4421 proxime
698 4341 852 4420 cingentis,
876 4343 953 4403 inter
973 4365 1090 4404 ererum
1114 4357 1144 4404 et
1164 4343 1257 4402 imum
1277 4343 1436 4402 orchestra

294 4443 430 4523 gradum,
451 4445 482 4501 in
504 4465 562 4522 quo
583 4447 676 4523 gradu
697 4437 785 4524 primi
806 4446 978 4515 el‘atribus
999 4448 1146 4506 sedebunt
1170 4467 1197 4503 v.
1212 4445 1292 4524 Lips
1306 4445 1345 4504 de
1359 4447 1436 4504 Am·
