3100 5250
293 466 337 529 34
665 458 1057 572 COMMENTARIUS

294 639 383 698 cascia
396 637 455 697 illis
467 634 524 697 hoc
536 640 749 717 perabsurdum
770 638 977 702 esset''·-86.
991 637 1104 697 Vocem
1121 634 1266 695 discursus
1280 636 1353 695 Brit.
1367 649 1445 695 ιιοιι

291 741 330 800 ad
343 758 449 820 corpus
461 741 559 811 refert,
582 741 634 801 sed
653 742 693 799 ad
711 742 854 813 animum,
869 737 913 801 bt
932 739 1078 819 significet
1097 738 1218 798 affectus
1230 749 1262 797 et
1274 738 1447 816 perturba-

291 838 384 899 tiones
404 840 476 918 ejus,
501 840 608 917 quibus
629 840 711 917 quusi
733 839 911 920 quibusdam
924 838 1010 899 furiis
1021 858 1105 898 mens
1118 836 1245 896 hominis
1258 855 1340 896 nunc
1359 837 1446 905 buc.

290 960 370 1002 nunc
383 941 453 1002 illuc
467 942 583 1020 agitur;
598 942 645 1001 vel
659 941 697 1001 ad
711 941 917 1021 quotidianum
928 940 1073 1002 salutandi
1086 940 1224 1010 officium,
1240 951 1274 999 ut
1286 958 1334 1018 ap.
1349 940 1446 999 Mar·

290 1045 349 1105 tiai.
364 1045 434 1117 VII,
450 1052 498 1127 38,
516 1054 541 1103 1.
586 1044 740 1103 Discursus
760 1044 856 1103 aanor
874 1062 1029 1124 vagamque
1045 1063 1127 1102 osone
1148 1043 1187 1102 Et
1200 1041 1305 1121 fustus
1323 1050 1348 1100 et
1370 1042 1445 1101 Ave

285 1149 467 1231 potentiorum
490 1158 544 1207 cst
585 1146 683 1206 etad
698 1146 736 1217 V,
751 1155 788 1207 21
805 1167 864 1227 seq.
907 1149 1008 1209 Potest
1026 1146 1115 1206 etiam
1135 1145 1255 1225 proprie
1277 1145 1370 1223 accipi
1390 1146 1442 1203 de

289 1251 424 1310 discursu
444 1261 474 1310 et
494 1250 598 1309 studiis
616 1250 781 1322 homiuum,
802 1251 854 1329 qui
866 1250 905 1310 ad
918 1249 1035 1310 divitias
1047 1249 1096 1309 vel
1108 1248 1235 1307 honores
1253 1258 1285 1308 et
1303 1247 1463 1326 gloriam'

289 1352 433 1425 nituntur,
467 1330 627 1431 multisque
660 1365 816 1431 propterea
844 1363 874 1412 et
901 1353 988 1412 variis
1014 1350 1257 1431 occupationibus
1283 1351 1437 1411 distinen-

285 1462 346 1509 tur.
416 1447 555 1527 farrago,
569 1461 777 1527 argumentum
795 1451 909 1509 varium
928 1461 971 1509 et
976 1450 1124 1519 mixtum5
1147 1450 1266 1527 proprie
1283 1448 1439 1527 pabulum

286 1546 524 1625 quadrupedum,
545 1546 809 1624 etritieigenere,
832 1548 950 1626 dequo
969 1568 999 1608 v.
1019 1547 1145 1606 Casaub
1167 1546 1206 1605 ad
1228 1546 1305 1605 Pera
1319 1547 1369 1614 V,'
1379 1552 1439 1612 77.

289 1644 334 1703 ef.
350 1664 414 1722 sup.
430 1643 496 1702 Vol.
512 1644 535 1700 Ι.
528 1664 580 1723 p.
595 1644 738 1703 XCVIII.
1278 1677 1282 1684 -

329 1754 376 1816 89.
399 1746 563 1825 Gruogaeus
583 1758 733 1826 comparat
751 1748 843 1806 verba
863 1748 1034 1810 Senecam
1055 1747 1200 1806 Octavia.
1219 1746 1341 1807 &deuo
1359 1743 1438 1803 vitia

283 1855 347 1925 post
360 1853 398 1905 tot
411 1854 507 1905 oetctes
520 1844 569 1903 diu
582 1846 623 1903 Iu
635 1864 684 1904 uos
697 1846 865 1917 redundant,
878 1847 980 1907 surculo
989 1846 1144 1926 premimur
1153 1845 1246 1925 graui
1288 1843 1360 1901 Non
1372 1842 1437 1901 sal·

288 1970 338 2009 sus
357 1960 438 2007 vates
457 1949 553 2007 fuerat
573 1948 715 2007 Horatius
737 1948 796 2007 ΟιΙ.Ι
819 1950 878 2019 ΙΙΙ,
899 1948 930 2020 6,
947 1957 983 2016 17
998 1970 1058 2027 seq.
1072 1961 1103 2008 et
1116 1956 1155 2009 45
1169 1968 1229 2026 seq.
1271 1947 1318 2005 Cf.
1332 1946 1386 2004 inf.
1402 1966 1436 2004 v.

291 2053 349 2113 147
363 2068 424 2125 seq.
466 2046 633 2105 Herminius
653 2048 796 2117 observat,
819 2050 985 2107 uberiorem
1004 2068 1119 2125 semper
1139 2066 1200 2106 esse
1220 2044 1359 2103 vitiorum
1379 2064 1436 2102 co-

287 2149 377 2227 piam,
399 2147 517 2227 quando
537 2148 644 2207 saecula
657 2148 716 2208 siut
728 2150 925 2209 eruditarum
939 2150 1028 2228 longa
1040 2170 1113 2227 pace
1125 2160 1155 2208 et
1169 2150 1257 2206 rebus
1279 2144 1434 2224 prosperis

287 2253 453 2331 conjuncta,
469 2272 561 2329 quum
576 2252 698 2311 adversa
710 2265 741 2311 et
754 2251 931 2313 calamitates
946 2253 1080 2312 homines
1091 2252 1217 2310 reddant
1229 2248 1320 2327 paulo
1332 2248 1434 2325 magis

287 2349 368 2427 pios;
397 2348 465 2407 inde
486 2359 602 2427 poetam
619 2348 671 2417 VI,
687 2357 755 2419 292.
780 2352 874 2427 queri,
903 2348 1051 2410 Romanos
1074 2350 1137 2429 poti
1158 2349 1250 2427 longa
1266 2346 1349 2425 pacis
1368 2366 1432 2404 ara-

286 2452 326 2510 lu.
408 2450 528 2517 Quando
541 2452 631 2529 major
645 2450 774 2511 avaritie
790 2453 885 2531 potuit
898 2453 986 2522 unua,
1006 2452 1207 2531 metaphorica
1219 2450 1318 2518 dictio,
1338 2466 1433 2527 quam

285 2553 336 2613 alii
356 2566 461 2632 putant
481 2554 644 2612 desumtam
658 2574 721 2613 esse
734 2576 751 2613 a
765 2555 832 2613 sinu
846 2568 933 2634 togae,
957 2558 988 2614 in
1009 2576 1069 2635 quo
1087 2555 1214 2635 pecunia
1233 2554 1296 2613 sive
1314 2572 1429 2611 marsu-

286 2659 367 2736 pium
383 2677 400 2714 c
415 2656 490 2714 collo
504 2656 635 2732 pendens
648 2656 771 2737 aliaeque
785 2679 832 2718 res
845 2660 1046 2720 condebantur
1059 2661 1134 2718 etin
1148 2679 1247 2738 qoem,
1262 2679 1323 2737 quo
1335 2657 1430 2716 laxior

286 2771 348 2818 erat
361 2771 430 2835 toga
443 2758 595 2836 majorque
610 2758 699 2829 sinus,
714 2781 749 2820 eo
761 2760 849 2838 plura
861 2762 978 2821 demitti
987 2773 1143 2841 poterant3
1164 2761 1216 2820 alii
1228 2781 1300 2820 vero
1313 2781 1332 2819 a
1344 2761 1429 2818 uari·

285 2855 433 2934 gentibus,
456 2875 581 2936 quorum
602 2856 675 2926 vela,
698 2877 759 2936 quo
778 2859 919 2937 majorem
933 2860 1080 2938 explicent
1099 2861 1208 2931 sinum,
1230 2880 1267 2918 eo
1285 2860 1427 2937 majorem

285 2969 438 3018 ventorum
462 2958 523 3016 vim
546 2958 704 3037 excipiunt
785 2962 897 3040 qrsuado
915 2963 980 3020 olea
998 2963 1058 3033 Isos,
1081 2974 1136 3032 tot,
1162 2962 1271 3020 animos
1284 2982 1323 3022 sc.
1336 2962 1427 3039 cepit,

284 3057 461 3136 occupavit?
495 3057 632 3134 Abrupta
659 3053 761 3118 oratio'
778 3059 894 3118 affectui
922 3073 1114 3119 consentanea
1137 3071 1189 3120 eat
1231 3058 1427 3140 nequeenim,

285 3179 381 3238 neque
394 3161 482 3220 etiam
498 3161 539 3237 (v.
554 3159 592 3218 ad
607 3161 664 3228 XI,
679 3164 742 3240 30.)
764 3160 813 3220 vel
832 3183 1012 3241 aequavero
1027 3164 1069 3239 (v.
1083 3164 1122 3223 ad
1139 3163 1211 3231 VII,
1230 3171 1297 3222 124.
1310 3163 1347 3221 iu‘
1358 3163 1426 3222 Var.

285 3257 382 3334 Lect.)
406 3256 502 3316 beatis
521 3256 713 3316 comitantibus
732 3271 787 3318 cet.
829 3260 875 3319 Ita
891 3260 937 3320 bis
951 3260 1048 3320 verbis
1061 3261 1235 3339 magnitudo
1251 3261 1376 3338 jacturae
1395 3273 1427 3319 ct

285 3360 397 3418 insania
410 3359 585 3431 ludentium,
599 3358 657 3420 illis
669 3381 738 3419 vero
752 3361 859 3422 horum
872 3362 1032 3422 multitudo
1044 3365 1288 3423 adumbraretur:
1309 3375 1425 3422 utrum·
1519 3349 1524 3355 ⁴

285 3474 344 3536 que
361 3469 459 3515 autem
473 3469 559 3535 poeta
578 3457 732 3536 designare
752 3459 878 3519 voluisse
892 3461 1018 3520 videtur.
1058 3460 1213 3520 Heiueclte
1226 3461 1290 3520 haec
1302 3461 1425 3520 minota-

286 3559 344 3618 vit:
368 3569 387 3596 “
401 3558 471 3618 Alea
485 3569 545 3616 tam
559 3560 648 3631 nude,
664 3563 715 3620 ubi
725 3562 885 3642 requiritur
898 3564 1123 3641 comparativus,
1143 3585 1193 3622 me
1205 3583 1320 3641 semper
1333 3562 1425 3621 offen·

284 3662 337 3722 dit
379 3661 564 3722 Britannicus
577 3663 811 3724 subaudiendum
825 3686 888 3724 esse
900 3665 942 3725 ait
953 3667 1045 3745 magis
1057 3666 1165 3726 mouit
1180 3665 1227 3725 vel
1240 3665 1321 3725 uliud
1341 3666 1423 3745 quid.

285 3763 405 3844 Eilipsis
428 3765 510 3824 verbi
535 3765 603 3824 sutis
625 3765 739 3836 usitata,
761 3787 821 3826 non
842 3787 912 3826 vero
930 3787 999 3826 curn
1019 3769 1118 3848 magia.
1150 3767 1214 3826 vel
1235 3790 1273 3828 ex
1291 3769 1423 3830 anteced.

284 3869 375 3948 major
387 3889 502 3928 assume
515 3869 754 3947 comparativum,
766 3871 818 3949 qui
831 3869 890 3930 buc
903 3872 1065 3941 conveniat,
1079 3883 1110 3932 et
1119 3873 1168 3932 Ios
1176 3874 1305 3939 δεικτικῶς
1313 3873 1424 3950 accipe·

284 3967 337 4026 hos
358 3968 521 4037 Romanos3
549 3967 590 4044 (v.
612 3965 750 4026 Oudend.
772 3968 811 4026 ad
832 3968 943 4028 Lucan.
956 3969 981 4036 Ι,
998 3967 1081 4048 363.)
1106 3969 1154 4028 vel
1173 3971 1271 4049 potius
1291 3971 1422 4048 corrige:

283 4063 347 4120 olea
362 4064 472 4142 quando
487 4062 560 4122 Hoec
573 4063 688 4132 animoa,
703 4064 822 4140 quando
835 4063 898 4124 alea
910 4067 969 4124 Isoec
982 4065 1000 4122 i.
1016 4085 1042 4123 e.
1055 4065 1131 4135 talis,
1151 4078 1186 4124 ut
1198 4086 1279 4126 nunc
1290 4077 1344 4136 est,
1358 4064 1424 4125 talis

283 4159 353 4219 aleae
368 4161 514 4239 cupiditas
528 4159 642 4228 animos,
657 4160 799 4229 homines,
813 4182 852 4220 sc.
866 4164 953 4242 cepit
986 4164 1149 4241 Corruptus
1162 4175 1207 4223 est
1219 4163 1302 4223 locus
1315 4165 1353 4223 ab
1368 4163 1423 4223 im·.

283 4260 385 4341 peritis
399 4261 535 4331 librariis,
550 4261 600 4340 qui
615 4273 762 4338 putarent,
777 4261 837 4320 Isoec
849 4265 1035 4325 referendum
1050 4286 1112 4324 esse
1126 4265 1164 4324 ad
1178 4264 1310 4324 animm’·
1347 4266 1422 4338 Qua.¹

283 4358 306 4417 si
321 4377 377 4436 ego
391 4358 582 4429 adnotassem,
605 4357 654 4416 ille
674 4358 795 4417 dixisset
809 4361 939 4429 fortasse,
959 4363 1094 4422 inutilem
1107 4383 1169 4422 esse
1182 4362 1259 4420 hanc
1273 4364 1421 4442 conjectu·

282 4475 354 4525 ram,
369 4455 579 4532 ineptamvero
594 4455 861 4533 interpretationem
880 4457 968 4516 iliam.
1010 4460 1081 4518 Alea
1095 4461 1170 4538 (quo
1183 4479 1246 4518 voc.
1261 4460 1420 4520 omniade-
1527 4457 1534 4463 ’
