3100 5250
676 460 1068 539 COMMENTARIUS

303 652 358 714 ter,
380 641 533 715 emeritis,
554 640 697 713 edilibus,
719 651 822 703 senatu
836 640 882 701 vel
897 639 1133 719 lmpcrstoribus.
1178 638 1457 718 lmpadiciusm-

303 752 454 801 munuum
467 740 572 801 severis
586 739 689 820 utique
703 740 819 819 legibus
833 739 922 819 (inpr.
943 739 1034 809 Julis,
1055 739 1142 819 eujus
1155 757 1244 817 poens
1256 738 1316 798 fuit
1328 739 1456 819 relega-

304 845 345 905 tio
359 844 390 904 in
402 830 528 904 insulam
540 862 609 903 cum
623 842 820 923 publicatione
834 841 963 901 dimidius
976 841 1068 920 partis
1088 839 1165 900 dotis
1184 851 1216 900 st
1234 840 1330 901 tertie
1349 842 1454 901 bono-

304 950 384 1027 rum)
396 966 431 1007 sc
444 945 539 1025 poenis
553 947 747 1005 coercebatur.
758 944 783 993 1⁰
795 979 837 993 -
850 942 898 1003 63.
913 941 1008 1003 Simili
1021 941 1269 1021 apophthegmste
1281 942 1452 1003 Democra-

303 1062 356 1120 tcs,
384 1046 526 1108 Zaleucus
550 1059 581 1107 et
600 1046 777 1107 Anacharsis
801 1044 881 1123 leges
902 1063 1084 1122 comparasse
1106 1042 1246 1103 dicuntur
1270 1062 1453 1104 scansurum

303 1148 377 1220 telis,
401 1148 594 1209 retinentibus
613 1147 773 1207 infirmiora
793 1144 938 1216 animulis,
959 1143 1100 1205 validiora
1119 1145 1391 1207 trunsrnittentibus.
1412 1168 1451 1205 v.

303 1250 384 1310 Stob.
405 1251 498 1312 Serm.
517 1248 630 1309 LXVI.
650 1260 681 1309 et
701 1249 781 1312 CLI.
802 1249 881 1309 Plut
900 1248 952 1309 vit.
973 1247 1088 1308 Solonis
1103 1246 1184 1326 Opp
1198 1245 1234 1305 T.
1248 1247 1272 1306 1.
1293 1267 1323 1326 p.
1337 1252 1387 1309 81.
1402 1254 1451 1311 Δ.

303 1349 400 1410 Valet.
415 1350 494 1409 Max.
509 1348 583 1420 Vll,
596 1357 626 1409 2.
644 1358 701 1409 ext.
726 1356 771 1407 ll.
793 1348 908 1407 Emerui
930 1346 1028 1425 Adsg.
1050 1345 1126 1409 chil.
1149 1346 1209 1406 111.
1230 1347 1312 1407 Ceut.
1333 1348 1371 1421 V,
1393 1356 1450 1414 73.

305 1452 444 1539 Similiter
455 1472 509 1513 nos
522 1450 662 1513 dicimus:
687 1450 787 1511 Kleiuc
798 1450 877 1511 diobe
889 1450 978 1529 biiugi
987 1468 1062 1519 mou,
1073 1464 1172 1529 grosse
1181 1448 1322 1509 mnan
1333 1449 1450 1528 lcefin.

304 1553 351 1616 cf.
366 1553 483 1613 Terent.
499 1551 616 1613 Phorm.
632 1550 693 1620 111,
708 1558 737 1620 2,
754 1549 793 1610 16
803 1570 865 1629 seq.
945 1568 1073 1620 cessuro,
1093 1549 1223 1627 cognitio
1239 1560 1272 1611 et
1285 1547 1451 1629 judicium.

303 1650 403 1721 corcis,
423 1650 551 1721 boiis,
572 1650 624 1729 qui
644 1648 738 1709 multa
755 1668 792 1709 sc
809 1647 1139 1726 mgnammiserunt
1157 1645 1274 1721 delicto,
1295 1646 1453 1706 biviris

304 1752 388 1813 mulis
408 1762 438 1813 et
457 1751 606 1831 improbis.
687 1758 779 1820 uani,
803 1750 943 1828 exagitat,
962 1749 1095 1827 castigat,
1118 1748 1216 1828 punit.
1296 1749 1451 1822 edwius,

304 1874 365 1923 cos,
378 1852 430 1932 qui
443 1852 542 1912 minus
555 1850 602 1911 vel
615 1849 690 1909 nihil
703 1849 900 1928 deliquerunt,
914 1847 1105 1919 innocentes3
1123 1848 1155 1907 lt.
1168 1846 1344 1909 Lmulieres

345 1954 394 2017 64.
403 1953 453 2016 65.
467 1954 599 2014 Stoicidoe
608 1952 778 2013 consanum
791 1950 931 2012 dicuntur
940 1950 1074 2011 homines
1082 1949 1231 2011 libidinosi
1240 1949 1452 2032 flagitiumque,

305 2052 358 2114 scd
377 2052 540 2114 Stoicorum
560 2050 687 2130 specis·
707 2068 769 2129 proe
790 2068 822 2108 se
845 2049 971 2107 serentes
993 2066 1155 2125 eorumque
1177 2065 1258 2107 more
1276 2045 1314 2105 de
1334 2046 1454 2107 virtute

305 2152 506 2231 disputantem
527 2161 562 2211 ut
576 2152 695 2215 Στῶακες
708 2147 756 2208 vel
771 2152 881 2213 urtam
893 2146 1068 2205 diminutive
1082 2156 1113 2205 ct
1129 2163 1182 2224 per
1194 2155 1374 2203 contemtum
1388 2165 1455 2223 pro

306 2255 412 2314 notul
424 2252 455 2311 in
467 2250 533 2311 loco
545 2249 682 2311 Athenai
696 2269 761 2328 sup.
774 2248 814 2307 ud
827 2258 854 2307 v.
871 2255 917 2318 19.
930 2246 1088 2325 adscripto.
1107 2246 1153 2305 ef.
1165 2246 1205 2305 ad
1216 2266 1247 2305 v.
1262 2253 1309 2306 15.
1350 2246 1452 2306 Vetus

306 2353 404 2415 Scbcl.
420 2364 450 2413 et
463 2352 513 2412 alii
526 2352 679 2431 putabunt,
700 2369 764 2409 voc.
785 2348 918 2409 Stoicidm
936 2347 1099 2431 femineum
1112 2366 1174 2409 esse
1185 2359 1217 2407 et
1236 2346 1452 2407 contumeliose

305 2452 374 2523 dici,
396 2466 431 2512 ut
454 2450 589 2531 Phrygia
608 2471 656 2529 sp.
677 2450 763 2528 Virg.
784 2449 855 2509 AEu.
868 2449 926 2521 IX,
940 2446 1010 2515 617.
1023 2460 1055 2509 ct
1070 2446 1209 2508 Troiades
1220 2467 1267 2526 sp.
1282 2444 1360 2507 Pers.
1374 2446 1401 2517 l,
1416 2454 1451 2505 4.

306 2563 447 2615 camum
458 2574 526 2613 cero
540 2552 705 2622 baroniam,
726 2572 794 2632 quse
813 2551 957 2632 pudorem
971 2550 1008 2611 iis
1023 2551 1192 2613 incusscrst
1235 2550 1341 2611 Canem
1353 2549 1451 2629 signi-

306 2656 374 2716 ficct
387 2655 464 2715 clare
477 2654 574 2723 dicere
586 2667 618 2714 et
631 2654 769 2724 indicere,
786 2655 835 2730 (ut
847 2662 962 2713 mutare
973 2654 1082 2733 possim
1097 2673 1145 2733 sp.
1159 2653 1255 2714 Plsut.
1264 2673 1327 2714 nc.
1340 2653 1452 2713 Bscch.

306 2757 360 2826 1v,
374 2764 404 2826 9,
419 2755 468 2815 61.
490 2755 578 2816 Μωι
593 2755 647 2824 tv,
662 2763 691 2825 2,
706 2753 756 2816 64.
770 2765 801 2814 a
822 2741 900 2814 niu
914 2754 958 2827 11,
974 2758 1082 2836 sss.)
1106 2755 1155 2816 vu
1178 2754 1275 2834 sumpt
1295 2755 1377 2834 usqu
1395 2767 1453 2814 aus

306 2857 422 2928 docem,
442 2855 582 2935 quonism
595 2855 805 2935 antiquissimis
816 2858 1000 2936 temporibus
1013 2857 1112 2918 omnis
1123 2870 1155 2919 ct
1165 2857 1246 2919 dicta
1258 2867 1289 2919 et
1301 2869 1452 2938 precepta

177 2981 184 2994 ·
306 2958 439 3020 munus
452 2956 685 3018 custinebcntur.
766 2957 923 3037 quidsulsi
935 2959 1070 3020 dixerut?

345 3061 385 3123 65
400 3081 460 3141 seq.
481 3060 563 3133 Quid
577 3079 637 3120 non
651 3058 759 3121 nuent
772 3059 830 3131 ulii,
851 3080 945 3139 quum
954 3061 1072 3141 judices
1084 3071 1115 3123 et
1128 3063 1294 3142 cognitores
1306 3061 1451 3121 vitiorum

305 3166 362 3244 ipsi
375 3166 411 3225 iis
424 3164 516 3226 dediti
529 3183 564 3223 sc
577 3162 679 3223 molles
699 3161 778 3222 sint?
861 3163 997 3224 Multicin
1015 3164 1077 3224 scil.
1097 3164 1280 3235 vestiments,
1300 3177 1335 3225 ut
1349 3185 1377 3224 v.
1393 3164 1447 3232 76.

305 3273 336 3322 ct
351 3261 405 3330 xl,
422 3260 488 3321 186.
511 3259 557 3320 vol
573 3259 696 3320 multicia
708 3258 847 3339 cystim
859 3279 907 3338 sp.
922 3261 1048 3323 Tertull.
1060 3261 1099 3322 dc
1113 3263 1184 3322 Pall.
1200 3271 1229 3324 4.
1246 3274 1280 3324 et
1297 3283 1334 3322 ss.
1349 3262 1450 3321 ἐκπίω

305 3381 354 3440 sp.
363 3361 447 3422 Flsv.
457 3361 576 3440 Vopisc.
592 3361 623 3422 in
636 3360 739 3422 Aurei.
752 3369 801 3422 12.
810 3372 907 3443 vestes
920 3364 1075 3431 subterius
1087 3385 1111 3425 s.
1123 3367 1309 3446 bombycinus
1320 3378 1352 3426 et
1365 3367 1450 3433 coe,

306 3455 483 3516 tenuissimus
496 3468 527 3516 ct
539 3457 708 3536 perlucidae,
730 3457 826 3537 (unde
840 3479 870 3518 v.
883 3467 932 3526 13.
942 3461 1094 3539 pulsem
1108 3462 1221 3542 dequo
1234 3483 1262 3522 v.
1277 3463 1385 3541 Heyne
1407 3461 1450 3520 ud

307 3556 417 3619 Tibull.
432 3556 486 3629 IV,
500 3556 530 3628 6,
553 3567 599 3618 13.
622 3570 652 3619 ct
673 3559 843 3626 Jscobssd
863 3560 986 3621 Antbol.
1012 3563 1067 3624 Gr.
1087 3563 1123 3622 T.
1145 3564 1186 3623 ll.
1204 3566 1237 3624 P.
1252 3565 1293 3624 11.
1315 3585 1344 3642 p.
1359 3566 1450 3642 219.)

304 3641 416 3740 quibus
427 3668 499 3719 tunc
512 3662 652 3738 temporis
664 3661 754 3722 ctiam
766 3660 845 3721 viros
859 3661 904 3722 uti
923 3678 983 3722 non
1002 3665 1144 3743 pudebst,
1164 3664 1298 3743 quamvis
1310 3684 1349 3724 ne
1361 3665 1450 3724 femi·

304 3779 357 3820 nas
370 3760 492 3839 quidem
505 3761 650 3821 decerent.
692 3764 737 3822 ef.
752 3765 792 3824 ad
806 3766 861 3838 VI,
875 3773 945 3836 259.
959 3765 1030 3828 260.
1045 3768 1134 3838 v111,
1152 3775 1219 3829 101.
1234 3768 1341 3828 Horat.
1353 3767 1449 3828 Serm.

305 3859 331 3930 1,
346 3866 375 3930 2,
392 3866 460 3918 131.
475 3857 575 3918 Senec
591 3859 647 3938 Ep.
662 3868 711 3931 9⁰·
728 3869 797 3922 115.
814 3868 883 3924 123.
897 3875 929 3926 et
941 3865 979 3924 de
991 3866 1065 3926 Bon.
1077 3866 1151 3938 Vll,
1165 3875 1195 3937 9.
1208 3877 1281 3927 extr.
1291 3866 1406 3926 Lucun.
1422 3867 1449 3936 I,

307 3955 364 4018 163
380 3977 442 4036 seq.
466 3957 584 4018 Petron.
605 3955 665 4017 Sst.
680 3977 705 4017 c.
721 3965 789 4030 119
804 3962 881 4023 Plin.
895 3963 952 4033 XI,
964 3969 1012 4024 22.
1026 3974 1100 4024 cstr.
1111 3976 1143 4025 et
1155 3971 1204 4025 23.
1217 3974 1290 4024 extr.
1311 3963 1451 4076 cluens

305 4057 390 4118 Alex.
406 4058 523 4138 Poedsg.
538 4058 599 4129 111,
614 4064 642 4116 3.
653 4058 737 4138 Lips
752 4061 923 4123 Excurscd
938 4064 1008 4124 Tac.
1028 4051 1110 4124 Anu.
1132 4065 1176 4135 11,
1196 4070 1245 4126 33.
1268 4064 1389 4125 silmas
1410 4065 1452 4123 sd

306 4159 429 4220 Tertull.
443 4160 481 4220 de
495 4159 567 4222 Pull.
581 4181 612 4238 p.
628 4159 688 4222 226
702 4181 763 4239 seq.
777 4174 807 4223 et
820 4162 939 4243 Vopisc.
953 4165 973 4224 l.
988 4165 1008 4224 l.
1029 4166 1119 4227 Dicta
1131 4178 1232 4230 sutem
1246 4166 1371 4226 multicia
1385 4167 1452 4226 Ssl·

305 4260 412 4321 mosius
426 4273 512 4342 putat
524 4285 543 4322 s
556 4262 668 4322 nauum
681 4274 712 4323 ot
726 4261 787 4335 icio,
803 4265 878 4324 bene
891 4267 1012 4329 densstn
1023 4280 1054 4329 ct
1066 4269 1149 4329 radio
1162 4289 1308 4348 percussu,
1323 4269 1453 4349 ideoque

340 4464 357 4494 ¹⁸
374 4479 395 4512 v.
418 4463 498 4526 lutpp.
524 4467 589 4517 Suet.
612 4468 666 4516 Tib.
687 4483 708 4517 c.
730 4476 768 4520 35.
792 4470 858 4533 Lips.
872 4480 922 4522 nst.
935 4481 961 4522 et
970 4473 1071 4526 Excute.
1084 4475 1116 4526 sd
1128 4477 1186 4526 Tsc.
1201 4477 1268 4526 Anu.
1280 4476 1318 4533 11.
1331 4481 1371 4528 ⁸⁵.
