3100 5250
433 466 485 532 IN
506 465 670 534 JUVEN.
696 466 796 534 sAT.
821 469 884 533 XI.
1171 474 1232 536 471

114 648 205 717 etspte
220 639 266 698 vel
280 631 497 703 accommodate
508 644 547 703 sd
559 644 811 723 persuadendum)
826 643 936 703 dicunt
979 642 1028 701 Sic
1040 644 1102 703 fere
1120 608 1232 703 buccom

112 738 230 818 Ιααννααεπ
242 740 328 799 vetuli
339 740 439 801 π’νναάἰ
452 744 528 803 dixit
541 743 666 803 Martini.
682 746 708 814 1,
723 752 772 814 42,
789 750 836 803 13.
856 753 887 802 εί
901 740 1126 801 iominnn'dur'ae
1139 741 1231 805 lucos
1301 774 1303 777 ·

112 841 208 899 Petron.
222 846 270 901 43.
290 843 375 902 Conf.
390 845 455 924 sup.
468 846 507 904 ud
521 845 582 918 ΙΙΙ,
597 854 645 906 35.
659 856 690 905 et
705 845 773 904 Var.
788 846 869 906 Lect.

140 945 173 998 35
185 959 242 1019 seq.
265 940 444 1002 Praeclsrum
457 947 658 1024 preceptum!
701 945 786 1004 Conf.
800 943 855 1014 VI,
870 950 928 1031 358
943 962 1000 1024 seq.
1015 952 1044 1003 et
1056 944 1232 1005 Cusuub.ad
1355 993 1357 1001 .
1411 988 1416 1013 ,

111 1042 176 1101 Pers
188 1042 238 1113 VI,
251 1050 294 1103 25
308 1064 368 1123 seq.
449 1067 580 1106 mensura
592 1048 647 1117 sui,
667 1048 773 1107 modus
792 1047 901 1106 virium
922 1066 1040 1107 suorum
1059 1058 1089 1106 et
1107 1042 1230 1108 faculta-

109 1151 218 1200 tusu-
228 1148 276 1208 37.
289 1144 414 1214 mudum,
428 1146 538 1224 piscem
553 1148 713 1226 pretiosum
730 1158 760 1208 et
777 1145 929 1225 grandem.
950 1167 978 1205 v.
992 1147 1031 1207 od
1045 1147 1098 1215 IV,
1118 1154 1152 1207 15
1168 1168 1230 1227 seq·

109 1253 135 1300 et
146 1242 177 1310 V,
187 1249 222 1310 92
236 1262 299 1322 seq.
377 1244 469 1323 gallio,
489 1245 519 1303 h.
533 1266 557 1305 e.
575 1247 704 1326 pretium
723 1246 868 1325 gobionis,
891 1245 938 1305 vel
952 1267 1011 1325 quo
1023 1246 1137 1308 ematur
1149 1248 1230 1327 gobio

107 1361 125 1398 s
133 1338 228 1417 gobius,
242 1339 347 1415 καβνδς,
360 1342 445 1413 cotio,
460 1344 526 1409 vilis
538 1344 707 1423 pisciculus,
719 1344 743 1382 ¹³
763 1355 798 1405 ut
810 1344 895 1414 asini,
914 1344 972 1403 ovis
985 1354 1017 1403 et
1029 1344 1108 1403 boues
1120 1344 1151 1405 in
1163 1366 1228 1403 cru·

106 1461 170 1500 ννενα
180 1452 224 1521 op
246 1443 397 1517 Plautum,
419 1446 579 1517 Asiu.'IIl,
594 1455 624 1518 2,
639 1453 688 1506 44.
709 1446 799 1506 Truc.
815 1445 877 1518 III,
893 1446 985 1516 1,'10.
1005 1458 1035 1505 et
1049 1446 1128 1507 Pers.
1143 1448 1183 1518 ll,
1199 1455 1228 1517 5,

108 1542 144 1602 16.
214 1545 760 1620 Iuloculisetcrumenwode.
1013 1594 1017 1603 .

137 1653 234 1717 3889.
257 1649 343 1709 Conf.
356 1650 397 1707 sd
410 1649 469 1717 VI,
482 1660 550 1721 129.
620 1673 688 1711 oere
697 1662 826 1731 paterno,
841 1654 1027 1733 patrimonio,
1042 1673 1077 1711 uc
1090 1654 1182 1725 rebus,
1196 1664 1234 1714 re·

104 1739 268 1804 familiari.
309 1748 409 1807 mersis
420 1749 450 1807 ν’νν
465 1759 608 1818 ννεννίνεννν,·
630 1752 710 1813 unde
722 1752 811 1812 homo
824 1749 951 1832 gulosus
965 1773 1000 1813 sc
1020 1749 1163 1831 prodigus
1177 1770 1228 1809 vo-

102 1854 283 1925 cotugurges
295 1858 325 1906 et
338 1868 442 1928 uorago
457 1850 622 1928 patrimonii
637 1851 684 1911 vel
696 1852 860 1911 barathrum
875 1852 990 1911 mucelli.
1033 1852 1115 1917 Hinc
1136 1862 1166 1911 et
1185 1852 1227 1910 le-

98 1942 152 2020 pide
162 1954 257 2005 νεννίεν
268 1949 380 2009 dicitur
396 1950 427 2006 h.
440 1949 459 2008 l.
474 1972 567 2028 copus
581 1952 714 2010 omnium
727 1953 882 2019 bonorum,
891 1952 1015 2027 senens,
1037 1953 1149 2033 urgenti
1169 1964 1226 2014 cet.

100 2064 152 2122 que
164 2049 249 2125 qussi
262 2060 346 2108 vorat
365 2070 400 2109 oc
412 2050 552 2127 deglutit.
621 2051 746 2128 seueris,
767 2052 912 2127 pecuniae,
932 2052 1032 2111 fenore
1051 2064 1081 2112 et
1101 2055 1177 2114 dotae
1197 2066 1227 2116 et
1307 2051 1310 2057 ’

100 2162 221 2229 stosptae.
263 2160 312 2211 41.
326 2152 446 2230 Argenti
455 2153 564 2230 gravis,
579 2172 607 2210 v.
620 2152 659 2211 ud
674 2153 730 2221 IX,
745 2160 812 2210 141.
825 2186 869 2220 --,
881 2154 930 2210 42.
946 2153 1227 2228 Talibusodomiois,
1280 2224 1282 2229 ,

99 2248 284 2319 helluonibus,
298 2249 473 2318 nouissimus,
484 2261 641 2327 postremo,
664 2250 754 2327 (coni.
768 2250 807 2309 sd
821 2250 876 2320 VI,
892 2248 976 2328 856.)
988 2251 1063 2323 erit,
1084 2252 1228 2331 oppigne-

99 2361 163 2407 ntor
176 2358 233 2407 sut
247 2348 393 2421 venditur,
407 2349 527 2409 annulus
541 2369 656 2419 oureus,
677 2348 792 2426 insigne
806 2348 971 2426 Equitum
995 2348 1086 2425 (conf.
1100 2348 1228 2410 Murtinl.

99 2444 129 2516 ΙΙ,
140 2453 187 2515 57,
205 2453 235 2512 7.
251 2452 279 2504 8.
293 2445 383 2516 VIII,
398 2453 428 2517 5,
442 2454 471 2505 2.
485 2458 516 2505 et
530 2445 620 2524 Apul.
641 2444 730 2523 Apol.
750 2465 780 2523 p.
803 2451 872 2513 322,
894 2452 942 2502 21.
963 2442 1009 2503 ed.
1033 2444 1126 2526 Elm.)
1148 2447 1227 2525 unde

98 2547 166 2626 digito
179 2546 268 2616 nudo,
283 2545 439 2613 immInuto
453 2568 543 2608 censu
555 2547 703 2627 equestri:
723 2567 792 2607 nam
805 2546 980 2605 constitutum
989 2555 1060 2618 erat,
1074 2568 1109 2609 se
1122 2550 1228 2629 cuijus

96 2648 242 2708 nouorum
260 2647 298 2724 (s.
312 2647 414 2706 annuli
427 2648 577 2726 gestandi)
591 2657 671 2718 εννεν,
683 2647 739 2706 nisi
752 2645 798 2706 cui
810 2647 929 2729 ingenuo
941 2647 1006 2726 ipsi,
1028 2647 1108 2726 putri
1121 2669 1226 2730 avoque

95 2748 334 2827 ραίεννιανινίενίία
349 2749 457 2810 CCCC
468 2758 568 2811 cennas
575 2749 694 2829 suisset,
713 2750 786 2809 Plin.
803 2750 955 2819 XXXIII,
971 2758 1000 2820 2,
1016 2771 1037 2810 s.
1054 2759 1082 2818 7.
1155 2753 1224 2812 Pol-

96 2853 137 2925 Iro,
150 2853 288 2928 decoctor,
304 2854 380 2912 forte
393 2854 418 2913 is
417 2855 480 2928 ,sle
493 2874 554 2932 quo
568 2852 643 2912 Plin.
658 2853 715 2924 IX,
721 2861 778 2913 10.
793 2875 814 2912 s.
831 2861 876 2912 13.
912 2852 1092 2912 Testudinum
1102 2856 1225 2932 putami-

97 2973 127 3010 ννα
137 2960 223 3012 secun
236 2952 267 3012 in
280 2953 402 3011 lominus
414 2953 549 3032 lectorque
561 2960 588 3010 εί
600 2951 763 3031 repositorio
780 2951 835 3010 lis
843 2950 943 3011 vestire
965 2950 1106 3011 Caruilius
1133 2953 1225 3012 Pollio

99 3054 206 3123 πείίίννίί,
218 3055 336 3134 prodigi
349 3062 375 3113 et
389 3054 502 3132 sagacis
520 3054 559 3111 orl
579 3053 699 3113 luxurior
718 3053 901 3114 instrumenta
922 3053 1035 3190 ingenii.
1077 3053 1161 3114 Conf.
1182 3053 1224 3114 ibi

100 3156 174 3215 Hasd.
187 3167 216 3216 et
234 3177 302 3236 sup.
317 3156 355 3214 sd
370 3152 424 3226 IX,
439 3155 467 3216 6.

129 3269 170 3320 44.
182 3269 229 3322 45.
249 3262 331 3322 Mors
341 3263 514 3341 promoturo
528 3273 558 3322 et
571 3263 673 3321 acerbo
686 3263 784 3322 minus
797 3263 941 3322 metuendo
955 3273 999 3322 est
1010 3261 1140 3331 lusorio,
1155 3261 1185 3320 h.
1196 3281 1222 3320 e.

100 3362 234 3426 luxuriosis
249 3363 430 3436 hominibus,
442 3385 531 3443 quom
543 3359 677 3437 senaet'us,
691 3375 722 3424 et
733 3357 845 3424 morbis
858 3374 894 3428 et,
902 3355 980 3422 fane
993 3362 1136 3435 loborans,
1154 3384 1221 3443 quae

100 3459 250 3536 gravissime
264 3472 309 3522 est
320 3460 492 3522 helluonum
505 3473 536 3521 et
548 3460 735 3522 helluationis
748 3479 855 3540 porum
876 3458 932 3518 nisi
948 3479 1049 3520 sensus
1062 3472 1122 3520 est:
1142 3453 1228 3520 mors'

99 3558 123 3615 in
134 3560 248 3622 nfantia
261 3561 309 3621 uel
324 3561 524 3640 injuventute
537 3559 695 3620 luxuriosis
708 3557 807 3619 minus
820 3553 978 3619 inetuerido
986 3555 1046 3629 est,
1066 3553 1154 3639 quani
1176 3580 1221 3620 se·

100 3669 188 3718 uenus.
229 3661 310 3720 Nom
327 3678 407 3718 mors
420 3658 576 3718 infantium
589 3657 741 3717 dicebatur
753 3655 866 3726 acerba,
876 3656 1022 3734 juvenum
1035 3657 1222 3718 immaturaet

98 3777 180 3821 unum
194 3762 346 3821 naturalis.
397 3762 482 3824 conf.
499 3761 581 3839 Virg.
597 3759 709 3819 AEn.',V
711 3759 737 3828 1,
752 3765 820 3828 429.
837 3759 902 3818 Seu.
919 3761 975 3839 Ep.
990 3767 1059 3820 123.
1070 3772 1100 3820 et
1115 3759 1220 3819 Kirch·
1317 3761 1328 3792 ⁶

99 3876 159 3918 man
171 3861 205 3921 de
218 3863 284 3925 fun.
300 3864 386 3922 Rom.
402 3859 428 3929 Ι,
444 3868 472 3918 4.
487 3870 562 3919 extr.
619 3901 624 3910 1
660 3857 775 3928 Cineres
795 3870 826 3916 et
834 3856 928 3935 suoru
942 3878 997 3936 pro
1009 3870 1112 3919 morte.
1127 3893 1168 3908 -
1181 3857 1221 3919 46

99 3969 171 4031 -49,
185 3963 231 4022 Hi
240 3963 402 4042 plerumque
412 3961 523 4041 gradus
536 3971 614 4031 sunt,
629 3960 738 4039 quibus
751 3958 800 4018 isti
813 3957 935 4036 perdito
949 3959 1028 4037 guise
1039 3959 1172 4020 hornines
1180 3961 1220 4019 ud

100 4059 206 4140 impium
221 4063 399 4144 perveniunt
411 4073 442 4122 et
455 4062 524 4123 fidei
537 4061 740 4122 violationem:
762 4060 892 4139 primum
906 4059 1070 4134 conducunt,
1090 4061 1119 4120 h.
1135 4081 1161 4120 e.
1176 4063 1218 4121 fe-

99 4164 317 4244 nereuoeipiunt,
328 4164 424 4223 Ιίαπα
433 4159 606 4271 pecuniam
628 4160 735 4220 deinde
748 4179 814 4219 eam
828 4179 920 4219 coram
933 4158 1050 4219 dominis
1062 4160 1136 4240 ejus,
1149 4160 1179 4220 h.
1193 4181 1219 4222 e.

101 4462 133 4510 ed
124 4398 479 4534 ''chpllepphup'onsutioulerot
472 4419 514 4452 ..v
530 4401 607 4452 Hsrd.
621 4402 725 4452 odPlsn.
737 4403 788 4461 IX
802 4407 840 4453 ⁵7.
852 4401 940 4452 Athen.
955 4401 1003 4462 VI,
1014 4408 1053 4452 44.
1067 4415 1090 4453 et
1105 4405 1167 4463 Vll,
1177 4409 1209 4453 85

543 4591 557 4626 χ
622 4558 695 4621 Ggo
809 4553 816 4566 '
