3100 5250
286 410 352 470 238
658 405 1050 476 COMMENTARIUS

284 593 371 660 gutoe,
388 591 418 641 et
432 581 518 652 driroe,
540 580 689 658 indurate.
775 586 866 646 Tuaaa
879 583 970 664 epidr-
982 601 1048 644 om,
1061 590 1096 641 ut
1109 578 1198 660 poulo
1210 589 1280 640 ante
1290 579 1434 640 latinas.

284 683 403 742 Latium
424 696 454 744 et
474 684 592 744 Etruria
611 705 665 764 pro
684 698 745 748 tote
766 687 851 748 ltalia
870 686 942 766 poni
961 694 1102 765 potsunt:
1126 679 1186 742 n'ou
1197 681 1321 741 memini
1336 693 1431 751 oerte,

283 782 383 842 lunum
405 781 622 862 lanificiumque
643 785 801 846 Etruscum
825 788 863 846 ab
883 785 947 846 aliia
966 783 1090 844 laudari.
1131 781 1309 841 homnium
1327 791 1431 840 nutem

290 887 408 946 Tuscum
422 885 480 944 dici
494 906 512 942 n
526 885 591 945 vico
605 887 713 956 Tusco,
724 887 805 966 quod
817 889 850 946 in
863 909 899 948 eo
910 886 1096 966 potiaimum
1110 886 1212 946 Ramae
1225 884 1301 944 illud
1312 885 1430 944 exerei-

284 1003 347 1048 tum
367 989 413 1058 eit,
434 1007 539 1066 parum
559 989 710 1066 probabile
723 1000 778 1050 eat.
818 997 888 1060 290.
902 999 973 1060 291.
986 989 1084 1049 Metus
1098 988 1205 1048 lartdia
1217 986 1248 1045 in
1261 986 1428 1047 ὀοιιίιανεὶ-

284 1086 482 1146 insanitatem
496 1085 640 1158 retinebat,
655 1087 771 1150 sallust
786 1091 820 1152 Β.
834 1089 977 1169 Jugurth.
991 1097 1039 1148 41.
1053 1090 1131 1168 (45.)
1165 1089 1224 1146 Pro
1236 1086 1315 1147 bello
1326 1095 1428 1145 metn-

285 1211 343 1269 que
364 1189 462 1250 hostili
486 1189 630 1268 exquisite
650 1190 759 1252 dicitur
779 1193 926 1272 proximae
943 1191 1009 1251 urbi
1028 1191 1071 1250 Η.
1084 1190 1241 1250 -rnarit't
1284 1189 1343 1249 Rea
1362 1189 1430 1267 ipen

284 1303 354 1351 note
368 1289 414 1350 vel
428 1309 464 1350 ex
478 1287 544 1350 Liv.
559 1289 674 1360 XXVI,
692 1299 738 1350 10.
751 1303 783 1350 et
797 1291 849 1351 Sil.
864 1291 938 1362 XII,
954 1299 1009 1352 541
1026 1312 1087 1371 aeq.
1169 1289 1279 1351 Collina
1292 1287 1324 1346 in
1337 1297 1429 1357 lm,

285 1395 323 1455 nd
336 1404 449 1472 portam
464 1389 608 1451 Collinam
621 1392 752 1453 turribus
765 1394 918 1464 munitam,
939 1391 988 1453 rel
1000 1395 1032 1453 in
1045 1393 1155 1466 matria,
1170 1413 1238 1472 quae
1255 1391 1294 1451 nd
1306 1401 1430 1470 pamm

283 1497 429 1557 Collinam
442 1494 537 1576 potito
549 1506 633 1555 erant
652 1497 841 1576 turribusque
853 1497 974 1558 munita.
1024 1503 1095 1566 292.
1115 1496 1206 1574 longa
1220 1494 1305 1574 pacit
1326 1493 1428 1559 ma,-

285 1596 352 1660 uim
367 1599 491 1658 nimium
504 1598 596 1658 odunt
610 1599 708 1678 gignit
721 1597 878 1671 luxurium,
892 1611 923 1659 et
934 1599 1000 1659 hren
1011 1598 1106 1658 multe
1117 1595 1201 1656 muln.
1221 1596 1268 1654 cf.
1280 1595 1321 1655 ad
1334 1597 1361 1665 Ι,
1377 1601 1428 1662 87.

286 1715 316 1764 et
336 1701 447 1780 Koet'rig
467 1701 504 1759 ad
518 1700 669 1760 Clauditur.
684 1701 752 1772 XV,
768 1709 817 1772 99.
838 1699 889 1761 ubi
909 1701 1019 1762 dieitur
1037 1699 1149 1780 perfert
1168 1697 1325 1758 miserabile
1343 1698 1429 1778 paar'e

285 1799 460 1880 suppliciam,
483 1799 535 1858 sed
558 1819 618 1858 non
638 1819 725 1859 uentu
744 1799 833 1879 plene
852 1800 964 1859 eodem.
1005 1806 1074 1869 293.
1096 1797 1229 1858 Luxuria
1247 1817 1315 1858 cum
1327 1796 1427 1866 melia,

287 1925 355 1983 quae
368 1902 436 1962 inde
449 1901 684 1981 proficiscuntur,
699 1901 833 1972 inrubuit,
847 1901 969 1980 ingruit,
983 1901 1070 1960 irruit
1083 1899 1115 1958 in
1122 1919 1187 1969 nou,
1203 1899 1352 1969 Romanos,
1366 1917 1429 1958 nos

284 2001 447 2081 oppressit:
469 1999 608 2078 praeclnre
628 1999 666 2060 de
686 1999 716 2058 vi
737 2011 767 2058 et
787 1999 930 2078 gravitate
943 1999 1023 2058 meli.
1065 1999 1143 2057 Nam
1156 2017 1204 2056 ree
1216 1995 1312 2055 nomm
1324 2007 1428 2074 poetae

288 2110 458 2180 comparant
469 2097 601 2158 hostibus
615 2096 662 2158 vel
676 2097 818 2157 exercitui
837 2097 935 2158 hostili
954 2095 1078 2158 irruenti
1098 2095 1255 2174 omniaque
1266 2094 1426 2154 inleutmti.

288 2203 372 2280 Conlf.
387 2203 428 2273 X,
442 2208 512 2261 218.
526 2212 556 2260 et
570 2201 673 2259 Horat
689 2200 747 2258 Od.
764 2200 790 2270 l,
805 2208 834 2272 8,
849 2209 897 2260 31.
911 2201 1012 2279 ibique
1025 2201 1121 2280 intpp
1200 2195 1300 2257 mm
1313 2194 1428 2255 mie.-

282 2325 356 2365 nnm
369 2303 468 2384 plura,
486 2323 575 2382 quum
587 2301 708 2370 bellum,
731 2301 831 2380 gignit
842 2303 920 2362 malo
932 2303 1069 2383 ipsaeque
1082 2302 1207 2362 victores
1220 2299 1313 2360 vineit
1324 2318 1362 2358 no
1373 2297 1430 2358 do·

288 2419 360 2479 runt,
375 2420 410 2467 ut
422 2405 491 2465 olim
506 2404 719 2475 Alexandrum,
735 2403 944 2478 Hannibalem,
963 2406 1119 2474 Romanos,
1133 2404 1262 2465 Graeooo
1344 2401 1430 2462 eloi:-

287 2506 361 2565 cilnr
372 2504 463 2564 orbem
476 2514 630 2577 tenorum,
643 2523 661 2562 a
674 2503 758 2562 nobie
770 2503 870 2562 vicenae
884 2515 915 2564 et
926 2503 1049 2582 injuriae
1061 2502 1195 2581 maleque
1208 2501 1237 2561 ei
1254 2523 1274 2561 a
1292 2500 1380 2561 nobie
1391 2501 1430 2560 il-

285 2607 356 2677 lata,
371 2605 441 2666 dum
456 2625 510 2665 noe
522 2605 646 2666 victores
660 2605 760 2667 domat
773 2628 808 2666 ae
820 2605 926 2686 perdit
960 2607 1046 2667 Conf.
1061 2605 1150 2667 Rutil.
1167 2605 1237 2665 ltin.
1251 2604 1277 2678 l,
1292 2611 1353 2675 395
1367 2625 1430 2684 neq.

289 2717 320 2763 et
340 2704 444 2762 Horat.
466 2703 559 2781 Epiut
582 2704 731 2774 ΙΙ,1,56.
753 2705 854 2775 arbem,
880 2705 1107 2783 (dodrantalem)
1129 2724 1216 2782 quem
1238 2713 1336 2762 totum
1355 2724 1375 2762 e
1395 2724 1428 2763 oe

290 2804 444 2861 subactum
464 2821 526 2861 erse
541 2800 663 2861 Romani
684 2802 842 2879 jactabant
893 2808 954 2870 294
967 2820 1026 2881 neq.
1047 2800 1093 2859 cf.
1107 2800 1212 2859 Horat.
1226 2799 1286 2859 Od
1302 2799 1364 2870 ΙΙΙ,
1377 2806 1430 2870 24,

291 2912 329 2964 42
344 2925 402 2985 aeq.
419 2904 519 2983 ibique
532 2904 627 2983 intpp.
642 2904 708 2961 Liv.
723 2904 810 2962 Praef.
824 2916 897 2963 extr.
912 2915 942 2962 et
956 2904 1072 2963 Peteon.
1086 2902 1124 2961 de
1137 2913 1240 2961 mutar.
1254 2902 1328 2981 reip.
1344 2902 1428 2961 liam.

291 3004 381 3075 Hinc,
396 3002 474 3073 inde,
490 3022 526 3062 ex
540 3022 575 3061 eo
588 3012 729 3080 tempore,
742 3001 833 3080 fluad
846 3002 886 3059 ad
898 3000 964 3061 istor
975 3002 1066 3072 ualles,
1085 3001 1114 3059 lt.
1128 3023 1155 3060 e.
1170 3002 1302 3069 Romam,
1316 3002 1349 3059 in
1361 3021 1429 3079 oep-

290 3114 350 3161 tem
363 3096 487 3161 collibus
501 3098 657 3170 conditum,
673 3099 725 3175 (cf.
740 3099 797 3167 IX,
814 3102 896 3179 181.)
918 3098 1047 3178 Sybaris,
1062 3098 1184 3167 Rhodos,
1198 3096 1313 3156 Miletos
1324 3107 1352 3156 et
1368 3098 1430 3158 Ta-

289 3207 405 3268 rentum,
418 3198 448 3257 h.
463 3219 488 3257 e.
502 3197 600 3269 luxus,
614 3196 727 3257 delicie
740 3208 771 3257 et
784 3196 855 3257 vitia
867 3197 990 3259 iuuuum
1002 3195 1132 3267 urbium,
1150 3216 1216 3277 quae
1230 3214 1296 3255 oum
1307 3194 1429 3255 delectu
1452 3277 1455 3279 v

289 3297 487 3366 nominentur,
502 3298 613 3377 quippe
627 3316 719 3376 quum
733 3316 836 3356 omnes
847 3296 965 3356 luxurie
977 3296 1088 3357 fuerint
1100 3296 1233 3355 infames.
1263 3293 1345 3353 cont
1362 3293 1428 3367 ΙΙΙ,

289 3399 337 3458 112.
352 3411 382 3458 et
395 3399 434 3469 69
449 3420 508 3479 seq.
590 3400 711 3479 Sybaris
723 3420 793 3479 opp.
806 3399 955 3471 Luoeniae,
975 3399 1062 3479 eujus
1081 3398 1212 3477 perditor
1225 3416 1318 3457 morea
1330 3396 1430 3458 Athe-

288 3518 371 3557 naeue
383 3510 471 3576 utque
485 3499 617 3560 AElimrua
630 3500 747 3579 eopiooe
760 3501 948 3580 demipoere,
962 3512 993 3561 et
1005 3521 1024 3560 ιι
1037 3520 1098 3580 quo
1109 3499 1202 3571 ieeur,
1222 3498 1317 3568 libelli,
1336 3519 1387 3557 m
1400 3510 1432 3559 et

288 3620 382 3659 aranea
396 3600 557 3679 Sybaritica
571 3600 619 3659 vel
635 3604 783 3679 proverbii
796 3604 861 3663 looo
873 3604 1022 3664 dicuntum.
1103 3603 1228 3673 unda,
1242 3623 1271 3662 v.
1284 3602 1325 3662 ed
1339 3598 1431 3671 Vlll,

291 3706 359 3760 113.
438 3696 571 3769 Miletus,
579 3712 668 3779 eaput
682 3702 783 3773 Ioniae,
804 3704 876 3762 urbe
889 3702 1050 3763 clarissima
1062 3702 1172 3762 divitiis
1184 3711 1351 3762 numentum
1362 3721 1432 3780 per-

288 3804 335 3868 tis.
421 3803 573 3863 Tarentum
586 3801 632 3861 vel
650 3804 793 3864 Tarentus
811 3826 881 3884 opp.
894 3805 1131 3885 antiquissimum
1150 3804 1431 3865 rio-oeleberrimum

290 3906 444 3986 Messapia
458 3926 480 3965 r.
494 3904 644 3975 Calubriae,
663 3908 748 3987 eujus
761 3908 879 3967 luxuria
891 3907 920 3966 h.
935 3907 955 3965 l.
968 3908 1064 3968 tribue
1076 3907 1213 3988 epithetis
1225 3908 1431 3969 adumbretur.

289 4008 336 4065 Ex
350 4006 395 4067 his
409 4013 565 4065 coronatum
579 4018 690 4084 spectat
702 4006 741 4066 ed
761 4006 855 4066 lautae
875 4007 987 4085 epulus,
1011 4008 1043 4066 in
1064 4008 1172 4085 quibua
1192 4008 1326 4067 convive
1346 4009 1430 4067 uertit

288 4107 492 4177 redimiuntur,
510 4107 639 4187 petulans
658 4108 698 4166 ed
717 4108 886 4198 ebrietatem
908 4110 955 4168 vel
975 4110 1068 4188 jooos,
1089 4110 1162 4169 sales
1185 4109 1431 4191 hilaritatemque,

289 4218 341 4263 aut
354 4206 439 4267 dicax
452 4207 614 4285 ingenium,
628 4204 768 4265 mcididunr
781 4208 822 4267 ad
834 4209 968 4269 eamdem
981 4209 1160 4279 ebrietatem,
1173 4212 1222 4288 (ut
1234 4210 1373 4281 uvidum,
1386 4209 1432 4281 βε-

290 4304 429 4383 ρςεγμίκι,
442 4304 540 4378 liuere,
555 4306 685 4366 diffluere
700 4318 730 4365 et
744 4305 811 4378 alia,
825 4307 864 4367 de
877 4308 986 4387 quibus
998 4329 1028 4368 v.
1041 4308 1079 4366 nd
1094 4308 1146 4367 Sil.
1161 4308 1235 4379 Xll,
1251 4315 1298 4368 13.
1314 4310 1347 4368 in
1362 4309 1432 4367 Ver.

291 4408 412 4467 luctet
426 4406 586 4467 Mitseherl.
599 4409 637 4468 ad
656 4408 760 4470 Horat
775 4409 835 4469 Od.
850 4411 909 4484 ΙΙΙ,
924 4420 974 4485 21,
988 4422 1017 4482 9.
1034 4412 1088 4482 lv,
1103 4420 1132 4484 5,
1147 4414 1210 4491 39.)
1224 4411 1263 4471 ad
1277 4424 1435 4492 unguenta
