3100 5250
368 449 396 482 Γ
486 447 537 511 ΙΝ
559 447 724 514 JUVEN.
750 448 850 513 SAT.
874 449 919 514 X.
1201 451 1264 512 481

15 575 52 613 m.

16 677 52 742 il
107 719 232 796 joram,
260 733 334 800 puta
356 719 519 792 consulum,
545 739 708 792 censorum,
730 734 891 802 praetorum
910 731 942 780 et
961 718 1093 778 aedilium
1109 719 1264 779 curulium.

27 897 37 917 ,-
110 820 207 882 Hinc
227 843 344 886 summer
363 823 474 884 mruler
494 824 555 886 scil.
570 824 648 886 sellae
662 825 709 884 vel
724 825 832 885 summi
845 822 963 884 curules
975 821 1101 882 honores
1115 833 1146 882 et
1158 824 1267 902 magias

18 925 30 1008 J
111 937 220 988 matus
234 937 304 988 sunt
316 926 493 1000 consulatus,
508 929 647 1008 utmajor
660 929 767 988 curulis
780 949 827 1008 ap.
842 929 915 988 Stat.
929 926 999 986 Silv.
1015 926 1040 997 Ι,
1055 933 1084 996 4,
1100 931 1147 986 82.
1162 963 1203 975 -
1216 935 1266 997 92.

15 1009 44 1115 {j
114 1028 232 1102 rem,
247 1031 380 1094 suanm
393 1031 562 1091 sumtu.
576 1031 722 1110 eampo
735 1043 765 1092 et
778 1031 912 1109 imperita
931 1049 1000 1088 mm
1014 1029 1266 1108 rneiu2‚quum

117 1127 266 1209 Capreas
278 1130 444 1203 moessisoet,
459 1131 616 1210 imperium
630 1131 738 1210 Sejano
751 1129 921 1190 tradiderat.
961 1128 1005 1186 ef.
1019 1127 1058 1187 ad
1073 1147 1102 1186 v.
1116 1135 1164 1194 71.
1206 1127 1265 1186 Sed

15 1228 24 1316 ’μ
113 1237 206 1287 tutor
219 1229 362 1308 Principis
374 1229 405 1288 h.
419 1229 438 1288 l.
453 1230 512 1290 dici
527 1231 643 1290 videtur
662 1251 716 1310 per
729 1229 892 1290 ludibrium
906 1228 1027 1297 Tiberii,
1048 1227 1101 1307 qui
1114 1227 1152 1286 ad
1165 1225 1265 1304 Sejaui

20 1313 31 1348 ⁵·
112 1329 283 1388 arbitrium
304 1340 468 1408 nutumque
489 1351 520 1392 se
533 1342 628 1392 totum
642 1317 816 1408 fingebat'et
834 1328 942 1409 pupilli
955 1328 1047 1387 instar
1059 1327 1090 1386 in
1104 1327 1168 1406 ejus
1186 1337 1265 1386 tute·

112 1426 180 1486 lam
198 1441 321 1490 venerat
333 1430 380 1490 vel
401 1442 506 1510 sponte
525 1449 556 1491 se
576 1429 744 1490 tradiderat.
826 1449 897 1508 rupe
912 1429 1108 1507 Caprearum
1129 1447 1198 1486 nam
1212 1427 1265 1486 Ti·

33 1527 38 1532 ¹
113 1533 227 1594 herine
243 1533 370 1614 Capreas
382 1555 413 1594 ee
426 1534 703 1614 contulit,1uoecipue
717 1533 869 1592 delectatur
881 1531 983 1603 insula,
1005 1532 1079 1610 quod
1091 1551 1145 1590 uuo
1161 1551 1265 1610 paruo-

114 1655 181 1715 que
195 1636 272 1696 litore
284 1635 421 1705 odiretur,
441 1644 519 1715 repta
534 1636 653 1715 trudique
662 1633 820 1714 proemplir
833 1633 970 1693 iuuueasoe
982 1632 1138 1694 altitudinis
1150 1631 1267 1715 rupibus

115 1744 147 1794 et
156 1736 305 1816 prfirbdo
316 1735 427 1802 moriar
449 1737 531 1796 Suet.
545 1735 612 1794 Tib.
627 1756 653 1795 c.
668 1741 718 1794 40.
758 1733 807 1792 De
822 1732 943 1812 Capreis
955 1752 983 1791 v.
997 1731 1037 1791 ad
1050 1751 1080 1791 v.
1094 1740 1143 1800 72.
1225 1752 1266 1792 se·

113 1835 225 1903 dentia
241 1834 400 1915 praeclnre3
420 1854 480 1894 non
499 1847 560 1896 tam
575 1834 660 1914 regni
680 1834 782 1893 eedem
794 1834 879 1912 quasi
891 1831 1034 1902 habentia,
1056 1852 1146 1911 quam
1160 1851 1266 1892 consu·

111 1939 233 1999 mentis
247 1939 340 1999 otium
354 1937 518 2017 etquidem
531 1949 592 1997 tam
606 1956 706 2014 segne,
728 1938 813 2013 (nam
825 1937 928 2006 sedere,
940 1934 1022 2005 ἧσθαι
1034 1947 1065 1995 et
1078 1935 1214 2004 καθῆσθαι
1227 1936 1266 1996 de

112 2043 233 2120 ignavo
258 2043 318 2102 otio
341 2053 371 2102 et
393 2042 516 2100 obscura
537 2039 598 2098 vita
618 2057 696 2116 saepe
716 2037 903 2108 adhibentur,
924 2037 962 2096 de
981 2058 1042 2115 quo
1058 2058 1087 2096 v.
1108 2038 1205 2097 Klots.
1226 2039 1267 2098 ad

113 2145 207 2224 Tyrt.
228 2165 262 2223 p.
280 2146 363 2222 143.)
385 2162 474 2220 quam
493 2140 679 2210 diuturnum,
701 2141 769 2218 (per
790 2151 903 2217 septem
923 2158 994 2199 vero
1013 2159 1105 2199 annos
1119 2161 1213 2219 usque
1226 2142 1266 2202 ad

116 2249 198 2334 ⁹5³².
210 2249 308 2308 finem
329 2246 465 2306 Tiberius
487 2244 608 2324 Capreis
623 2255 818 2304 commoratus
831 2245 890 2320 est)
910 2241 987 2302 forte
1005 2253 1037 2302 et
1054 2244 1266 2320 turpissimum,

113 2373 217 2433 quum
234 2352 267 2410 in
282 2351 395 2430 ganeis,
415 2348 532 2429 popinis
546 2357 576 2408 et
590 2346 780 2426 lupanaribus
793 2345 889 2405 ventri
906 2344 1082 2425 libidinique
1099 2345 1267 2425 indulgeret

114 2459 247 2518 sedens:
269 2475 338 2514 nam
359 2467 446 2533 poeta
459 2452 547 2512 simul
562 2451 691 2510 innuisse
705 2449 833 2520 videtur,
854 2449 935 2528 quod
947 2453 1090 2509 memorat
1104 2449 1184 2510 Suet.
1200 2451 1266 2510 Tib.

112 2580 138 2618 c.
157 2565 214 2617 43.
258 2555 372 2615 secessu
389 2551 543 2633 capuensi
556 2551 637 2610 etiam
651 2549 793 2610 cellariam
806 2547 981 2629 excogitauit,
992 2549 1082 2607 sedem
1095 2569 1267 2609 arcanorum

112 2657 273 2717 libidinum
295 2664 350 2716 cet.
392 2654 476 2713 Conf.
499 2653 593 2731 intpp.
609 2651 697 2710 Mart.
712 2650 749 2721 V,
772 2656 822 2719 71,
837 2656 865 2707 3.
878 2655 1055 2726 -ougurlu
1076 2647 1107 2706 iu
1130 2668 1209 2728 rupe,
1235 2670 1266 2709 v.

117 2768 203 2823 Var.
219 2764 295 2823 Lect
306 2770 356 2833 94.
400 2761 469 2821 Cum
486 2780 574 2841 grege
596 2758 737 2827 clauco,
758 2776 827 2816 cum
845 2754 1075 2815 mathematicis:
1096 2774 1165 2813 nam
1184 2758 1198 2814 ὁ
1218 2764 1265 2815 Τι-

116 2864 214 2945 βέριος
233 2864 401 2944 ἐμπειρότατος
421 2862 464 2920 διὰ
482 2861 529 2919 τῶν
549 2858 644 2939 dargan
655 2858 781 2929 μαντικῆς
794 2854 831 2926 ἦν,
853 2854 913 2913 Dio
926 2852 1042 2911 LVlll.
1083 2853 1167 2911 Conf.
1183 2856 1265 2915 Suet.
1290 2915 1299 2935 δ

117 2967 196 3025 Tib.
211 2984 238 3025 c.
255 2972 299 3023 14.
312 2976 342 3024 et
355 2962 404 3034 69.
490 2961 540 3021 Vir
553 2967 634 3029 certe,
655 2968 778 3037 optasne
790 2955 914 3015 saltem?
936 2970 1058 3031 cuperes
1072 2964 1149 3011 certe
1170 2953 1284 3043 impe..

117 3068 202 3125 rium
222 3064 355 3125 militare.
432 3061 505 3142 pilo,
529 3060 605 3140 pilos
628 3058 800 3137 etquidem
820 3055 931 3135 primos
950 3051 1154 3113 centurionum
1178 3053 1264 3131 pilos,

119 3168 153 3227 h.
167 3186 193 3225 e.
215 3165 412 3245 primipilatus
425 3186 433 3223 ι
455 3163 506 3243 qui
527 3160 637 3221 militiae
649 3158 759 3239 gradus
771 3169 803 3216 et
815 3155 893 3215 altus
906 3166 977 3223 erat,
992 3163 1022 3213 et
1034 3150 1122 3212 valde
1134 3163 1264 3229 questu·

121 3289 198 3329 osus
215 3288 244 3328 v.
257 3268 297 3327 ad
311 3267 396 3337 XIV,
413 3274 479 3334 197.
512 3264 612 3343 Vulgo
620 3262 682 3346 pilo
696 3260 836 3321 dicuntur
849 3259 909 3318 tela
923 3256 1122 3315 Romanorum
1135 3256 1263 3334 propria,

125 3381 186 3427 tam
209 3358 322 3447 majora
346 3369 487 3445 (quorum
511 3376 542 3425 et
563 3364 679 3442 lignum
702 3358 865 3421 et'ferrum
885 3354 1052 3415 tricubitale
1075 3356 1151 3433 erat)
1174 3374 1263 3433 quam

128 3474 281 3535 minora.³⁵
362 3470 484 3531 cohortes
503 3480 577 3548 puto
596 3466 625 3525 h.
640 3464 659 3523 l.
675 3464 733 3524 dici
747 3462 914 3521 tribunatus
926 3456 1063 3518 militum.
1077 3479 1105 3516 v.
1119 3458 1159 3517 ad
1173 3458 1198 3528 l,
1213 3466 1262 3519 58.

113 620 213 680 alteri.
290 621 405 684 Cumlis
418 622 488 683 sella
500 623 630 702 primum
643 625 701 684 fuit
714 645 829 704 regum,
843 621 950 682 deinde
963 621 1188 700 magistratuum
1203 641 1265 682 ma·

124 3582 173 3645 95.
194 3574 335 3655 Egregios
348 3572 473 3653 Equites,
494 3588 602 3628 munus
615 3577 645 3625 et
659 3564 834 3643 dignitatem
846 3557 981 3639 Equitum
993 3557 1142 3620 illustrium
1155 3570 1187 3619 et
1198 3558 1264 3619 lari-

123 3674 283 3734 cinniorum.
327 3674 372 3733 lta
399 3674 454 3732 sub
481 3664 719 3748 Imperatoribus,
745 3677 872 3740 quorum
895 3660 1076 3739 temporibus
1094 3660 1262 3719 tribunatus

124 3788 185 3837 erat
204 3774 313 3835 militia
332 3772 483 3853 equestria,
504 3770 677 3831 dicebantur
689 3760 802 3825 tribuni
815 3760 952 3828 militum,
967 3759 1029 3837 qui,
1044 3758 1122 3818 clara
1134 3757 1264 3835 equestri

123 3882 233 3941 familia
253 3880 356 3959 geniti,
377 3896 498 3938 censum
518 3874 667 3933 habebant
686 3864 863 3929 senatorium
882 3874 913 3921 et
932 3861 1002 3922 hinc
1021 3861 1082 3920 lato
1101 3860 1185 3919 clavo
1198 3870 1262 3919 ute·

122 3991 241 4048 bantur.
255 4006 283 4045 v.
298 3984 337 4043 ad
351 3982 423 4053 Vll,
439 3988 487 4048 89.
498 3978 524 4017 ³⁶
604 3982 698 4034 costra
712 3966 869 4034 domesticu,
890 3963 1028 4041 praetoria
1041 3983 1059 4020 a
1073 3962 1179 4039 Sejano
1193 3980 1263 4020 con.

121 4092 234 4161 stituta,
256 4087 308 4168 qui
329 4086 474 4165 dispersas
495 4100 548 4162 per
570 4079 682 4139 Urbem
697 4072 829 4133 cohortes
849 4065 1038 4148 praetorianas
1050 4084 1111 4123 una
1123 4062 1155 4122 in
1169 4076 1263 4125 casua

155 4326 172 4354 ⁸
189 4339 212 4370 v.
227 4321 293 4383 Lips
306 4319 360 4369 Mil.
374 4320 444 4367 Rom
458 4312 513 4374 111,
526 4318 548 4361 4.
558 4320 583 4361 et
593 4325 637 4359 ιιιιιι
647 4307 678 4357 od
707 4309 756 4369 gius
766 4304 855 4379 equites
864 4298 1000 4349 existimant
1009 4292 1087 4369 vocari
1102 4295 1261 4356 pratorim,

120 4390 165 4440 Sil.
181 4390 299 4446 1V,⁵5o.
710 4371 740 4420 ad
759 4368 891 4418 custodiam
910 4364 1063 4428 lmperatonq
1079 4360 1189 4411 relectus:
1213 4377 1262 4427 quo

155 4458 172 4489 ¹¹
185 4458 329 4518 Interpretes
346 4456 369 4505 1ι.
389 4454 404 4501 l.
420 4452 456 4501 rel
468 4458 554 4504 tacent,
567 4444 603 4493 vel
615 4458 678 4505 egre·
712 4436 791 4500 potius
801 4444 878 4485 castro
890 4431 1012 4481 duumuiro
1023 4438 1134 4489 spectant.
