<?xml version="1.0" encoding="UTF-8"?>
<!DOCTYPE html PUBLIC "-//W3C//DTD XHTML 1.0 Transitional//EN"
    "http://www.w3.org/TR/xhtml1/DTD/xhtml1-transitional.dtd">
<html xmlns="http://www.w3.org/1999/xhtml" xml:lang="en" lang="en">
 <head>
  <title>
</title>
<meta http-equiv="Content-Type" content="text/html;charset=utf-8" />
  <meta name='ocr-system' content='tesseract 3.04.00' />
  <meta name='ocr-capabilities' content='ocr_page ocr_carea ocr_par ocr_line ocrx_word'/>
</head>
<body>
  <div class='ocr_page' id='page_1' title='image "./djuniijuvenalis02persgoog_0608.png"; bbox 0 0 3100 5250; ppageno 0'>
   <div class='ocr_carea' id='block_1_1' title="bbox 492 538 1290 615">
    <p class='ocr_par' dir='ltr' id='par_1_1' title="bbox 492 538 1290 615">
     <span class='ocr_line' id='line_1_1' title="bbox 492 538 1290 615; baseline -0.011 -1"><span class='ocrx_word' id='word_1_1' title='bbox 492 548 544 614; x_wconf 88' lang='lat' dir='ltr'><strong>IN</strong></span> <span class='ocrx_word' id='word_1_2' title='bbox 563 547 725 615; x_wconf 78' lang='lat' dir='ltr'>JUVEN.</span> <span class='ocrx_word' id='word_1_3' title='bbox 750 548 849 613; x_wconf 82' lang='lat' dir='ltr'><strong>SAT.</strong></span> <span class='ocrx_word' id='word_1_4' title='bbox 874 538 970 607; x_wconf 86' lang='lat' dir='ltr'><strong>XVI.</strong></span> <span class='ocrx_word' id='word_1_5' title='bbox 1228 544 1290 605; x_wconf 79' lang='lat'><strong>6⁰³</strong></span> 
     </span>
    </p>
   </div>
   <div class='ocr_carea' id='block_1_2' title="bbox 153 713 1335 1305">
    <p class='ocr_par' dir='ltr' id='par_1_2' title="bbox 154 713 1335 1107">
     <span class='ocr_line' id='line_1_2' title="bbox 156 713 1290 801; baseline -0.002 -25"><span class='ocrx_word' id='word_1_6' title='bbox 156 718 683 800; x_wconf 65' lang='lat' dir='ltr'><strong>nuadidehoemliumnu</strong></span> <span class='ocrx_word' id='word_1_7' title='bbox 725 715 1125 801; x_wconf 67' lang='lat' dir='ltr'><strong>(ctDigent29.t1.l.</strong></span> <span class='ocrx_word' id='word_1_8' title='bbox 1143 713 1290 774; x_wconf 56' lang='lat' dir='ltr'><strong>ndeteu</strong></span> 
     </span>
     <span class='ocr_line' id='line_1_3' title="bbox 156 815 1291 903; baseline -0.003 -25"><span class='ocrx_word' id='word_1_9' title='bbox 156 831 228 879; x_wconf 70' lang='lat' dir='ltr'><strong>nnn.</strong></span> <span class='ocrx_word' id='word_1_10' title='bbox 240 820 301 879; x_wconf 84' lang='lat' dir='ltr'><strong>mii.</strong></span> <span class='ocrx_word' id='word_1_11' title='bbox 317 820 436 901; x_wconf 75' lang='lat' dir='ltr'><strong>rupim.</strong></span> <span class='ocrx_word' id='word_1_12' title='bbox 450 830 498 883; x_wconf 75' lang='lat'><strong>2³.</strong></span> <span class='ocrx_word' id='word_1_13' title='bbox 512 822 529 899; x_wconf 65' lang='lat' dir='ltr'><strong>i</strong></span> <span class='ocrx_word' id='word_1_14' title='bbox 545 826 606 903; x_wconf 86' lang='grc'><strong>10)</strong></span> <span class='ocrx_word' id='word_1_15' title='bbox 647 822 706 883; x_wconf 88' lang='lat' dir='ltr'><strong>His</strong></span> <span class='ocrx_word' id='word_1_16' title='bbox 717 822 842 903; x_wconf 73' lang='lat' dir='ltr'><strong>aliisque</strong></span> <span class='ocrx_word' id='word_1_17' title='bbox 856 821 1069 899; x_wconf 73' lang='lat' dir='ltr'><strong>Imperatorum</strong></span> <span class='ocrx_word' id='word_1_18' title='bbox 1082 815 1224 877; x_wconf 87' lang='lat' dir='ltr'><strong>institutis</strong></span> <span class='ocrx_word' id='word_1_19' title='bbox 1236 816 1291 875; x_wconf 87' lang='lat' dir='ltr'><strong>im·</strong></span> 
     </span>
     <span class='ocr_line' id='line_1_4' title="bbox 154 916 1335 1005; baseline -0.005 -25"><span class='ocrx_word' id='word_1_20' title='bbox 154 921 272 981; x_wconf 76' lang='lat' dir='ltr'><strong>minute</strong></span> <span class='ocrx_word' id='word_1_21' title='bbox 290 933 335 983; x_wconf 84' lang='lat' dir='ltr'><strong>est</strong></span> <span class='ocrx_word' id='word_1_22' title='bbox 353 925 449 1003; x_wconf 77' lang='lat' dir='ltr'><strong>pstrin</strong></span> <span class='ocrx_word' id='word_1_23' title='bbox 466 934 606 1005; x_wconf 69' lang='lat' dir='ltr'><strong>potestus,</strong></span> <span class='ocrx_word' id='word_1_24' title='bbox 629 925 677 985; x_wconf 87' lang='lat' dir='ltr'><strong>eui</strong></span> <span class='ocrx_word' id='word_1_25' title='bbox 700 923 772 983; x_wconf 87' lang='lat' dir='ltr'><strong>olim</strong></span> <span class='ocrx_word' id='word_1_26' title='bbox 796 942 882 984; x_wconf 87' lang='lat' dir='ltr'><strong>omne</strong></span> <span class='ocrx_word' id='word_1_27' title='bbox 902 920 954 981; x_wconf 84' lang='lat' dir='ltr'><strong>filii</strong></span> <span class='ocrx_word' id='word_1_28' title='bbox 974 916 1125 998; x_wconf 83' lang='lat' dir='ltr'><strong>peculium</strong></span> <span class='ocrx_word' id='word_1_29' title='bbox 1145 934 1204 975; x_wconf 86' lang='lat' dir='ltr'><strong>uns</strong></span> <span class='ocrx_word' id='word_1_30' title='bbox 1224 935 1292 975; x_wconf 86' lang='lat' dir='ltr'><strong>curn</strong></span> <span class='ocrx_word' id='word_1_31' title='bbox 1331 920 1335 931; x_wconf 90' lang='grc'><strong>’</strong></span> 
     </span>
     <span class='ocr_line' id='line_1_5' title="bbox 155 1025 665 1107; baseline 0.008 -24"><span class='ocrx_word' id='word_1_32' title='bbox 155 1044 281 1104; x_wconf 77' lang='lat' dir='ltr'><strong>ooepore</strong></span> <span class='ocrx_word' id='word_1_33' title='bbox 293 1045 328 1085; x_wconf 81' lang='lat' dir='ltr'><strong>ne</strong></span> <span class='ocrx_word' id='word_1_34' title='bbox 341 1025 402 1086; x_wconf 81' lang='lat' dir='ltr'><strong>vits</strong></span> <span class='ocrx_word' id='word_1_35' title='bbox 415 1026 583 1107; x_wconf 85' lang='lat' dir='ltr'><strong>subjectum</strong></span> <span class='ocrx_word' id='word_1_36' title='bbox 595 1036 665 1087; x_wconf 77' lang='lat' dir='ltr'><strong>erat.</strong></span> 
     </span>
    </p>

    <p class='ocr_par' dir='ltr' id='par_1_3' title="bbox 153 1115 1291 1305">
     <span class='ocr_line' id='line_1_6' title="bbox 199 1115 1291 1205; baseline -0.007 -20"><span class='ocrx_word' id='word_1_37' title='bbox 199 1123 330 1184; x_wconf 74' lang='lat'><strong>54-56.</strong></span> <span class='ocrx_word' id='word_1_38' title='bbox 351 1124 429 1199; x_wconf 72' lang='lat' dir='ltr'><strong>Qun</strong></span> <span class='ocrx_word' id='word_1_39' title='bbox 442 1147 536 1205; x_wconf 87' lang='lat' dir='ltr'><strong>quum</strong></span> <span class='ocrx_word' id='word_1_40' title='bbox 547 1126 590 1186; x_wconf 83' lang='lat' dir='ltr'><strong>its</strong></span> <span class='ocrx_word' id='word_1_41' title='bbox 605 1126 784 1205; x_wconf 75' lang='lat' dir='ltr'><strong>sint‚po1er,</strong></span> <span class='ocrx_word' id='word_1_42' title='bbox 806 1122 931 1203; x_wconf 77' lang='lat' dir='ltr'><strong>quumvis</strong></span> <span class='ocrx_word' id='word_1_43' title='bbox 945 1121 1012 1199; x_wconf 81' lang='lat' dir='ltr'><strong>jons</strong></span> <span class='ocrx_word' id='word_1_44' title='bbox 1037 1115 1168 1179; x_wconf 69' lang='lat' dir='ltr'><strong>mulus</strong></span> <span class='ocrx_word' id='word_1_45' title='bbox 1187 1117 1291 1195; x_wconf 70' lang='lat' dir='ltr'><strong>eapite,</strong></span> 
     </span>
     <span class='ocr_line' id='line_1_7' title="bbox 153 1214 1291 1305; baseline -0.006 -26"><span class='ocrx_word' id='word_1_46' title='bbox 153 1220 184 1279; x_wconf 82' lang='lat' dir='ltr'><strong>h.</strong></span> <span class='ocrx_word' id='word_1_47' title='bbox 207 1241 236 1281; x_wconf 85' lang='lat' dir='ltr'><strong>e.</strong></span> <span class='ocrx_word' id='word_1_48' title='bbox 266 1220 348 1282; x_wconf 89' lang='lat' dir='ltr'><strong>senio</strong></span> <span class='ocrx_word' id='word_1_49' title='bbox 367 1224 528 1297; x_wconf 66' lang='lat' dir='ltr'><strong>oonssnus,</strong></span> <span class='ocrx_word' id='word_1_50' title='bbox 547 1231 643 1305; x_wconf 79' lang='lat' dir='ltr'><strong>captat</strong></span> <span class='ocrx_word' id='word_1_51' title='bbox 665 1222 804 1283; x_wconf 71' lang='lat' dir='ltr'><strong>coram</strong></span> <span class='ocrx_word' id='word_1_52' title='bbox 824 1221 928 1290; x_wconf 84' lang='lat' dir='ltr'><strong>filium,</strong></span> <span class='ocrx_word' id='word_1_53' title='bbox 948 1218 1087 1299; x_wconf 73' lang='lat' dir='ltr'><strong>rigam</strong></span> <span class='ocrx_word' id='word_1_54' title='bbox 1107 1214 1237 1284; x_wconf 79' lang='lat' dir='ltr'><strong>oomitess,</strong></span> <span class='ocrx_word' id='word_1_55' title='bbox 1259 1216 1291 1273; x_wconf 89' lang='lat' dir='ltr'><strong>in</strong></span> 
     </span>
    </p>
   </div>
   <div class='ocr_carea' id='block_1_3' title="bbox 151 1312 1390 1397">
    <p class='ocr_par' dir='ltr' id='par_1_4' title="bbox 151 1312 1390 1397">
     <span class='ocr_line' id='line_1_8' title="bbox 151 1312 1390 1397; baseline -0.006 -20"><span class='ocrx_word' id='word_1_56' title='bbox 151 1315 269 1377; x_wconf 89' lang='lat' dir='ltr'><strong>bellum</strong></span> <span class='ocrx_word' id='word_1_57' title='bbox 282 1319 514 1397; x_wconf 76' lang='lat' dir='ltr'><strong>profiuisemtenr</strong></span> <span class='ocrx_word' id='word_1_58' title='bbox 534 1330 566 1382; x_wconf 84' lang='lat' dir='ltr'><strong>et</strong></span> <span class='ocrx_word' id='word_1_59' title='bbox 583 1328 737 1381; x_wconf 75' lang='lat' dir='ltr'><strong>certmst</strong></span> <span class='ocrx_word' id='word_1_60' title='bbox 747 1339 819 1392; x_wconf 84' lang='lat' dir='ltr'><strong>oero,</strong></span> <span class='ocrx_word' id='word_1_61' title='bbox 839 1316 1027 1397; x_wconf 74' lang='lat' dir='ltr'>stipendium,</span> <span class='ocrx_word' id='word_1_62' title='bbox 1048 1320 1200 1382; x_wconf 73' lang='lat' dir='ltr'><strong>mentem,</strong></span> <span class='ocrx_word' id='word_1_63' title='bbox 1220 1312 1250 1371; x_wconf 92' lang='lat' dir='ltr'><strong>h.</strong></span> <span class='ocrx_word' id='word_1_64' title='bbox 1264 1331 1289 1370; x_wconf 88' lang='lat' dir='ltr'><strong>e.</strong></span> <span class='ocrx_word' id='word_1_65' title='bbox 1387 1346 1390 1355; x_wconf 92' lang='lat'>·</span> 
     </span>
    </p>
   </div>
   <div class='ocr_carea' id='block_1_4' title="bbox 150 1402 1309 3203">
    <p class='ocr_par' dir='ltr' id='par_1_5' title="bbox 150 1402 1290 2504">
     <span class='ocr_line' id='line_1_9' title="bbox 151 1402 1290 1493; baseline -0.003 -18"><span class='ocrx_word' id='word_1_66' title='bbox 151 1402 290 1487; x_wconf 63' lang='lat' dir='ltr'><strong>&#39;militen</strong></span> <span class='ocrx_word' id='word_1_67' title='bbox 316 1427 351 1478; x_wconf 89' lang='lat' dir='ltr'><strong>ut</strong></span> <span class='ocrx_word' id='word_1_68' title='bbox 362 1418 448 1478; x_wconf 85' lang='lat' dir='ltr'><strong>heres</strong></span> <span class='ocrx_word' id='word_1_69' title='bbox 465 1422 505 1479; x_wconf 83' lang='lat' dir='ltr'><strong>sb</strong></span> <span class='ocrx_word' id='word_1_70' title='bbox 517 1439 554 1479; x_wconf 87' lang='lat' dir='ltr'><strong>eo</strong></span> <span class='ocrx_word' id='word_1_71' title='bbox 567 1420 711 1479; x_wconf 79' lang='lat' dir='ltr'><strong>scribetur</strong></span> <span class='ocrx_word' id='word_1_72' title='bbox 721 1420 867 1479; x_wconf 79' lang='lat' dir='ltr'><strong>benonim</strong></span> <span class='ocrx_word' id='word_1_73' title='bbox 879 1415 983 1475; x_wconf 86' lang='lat' dir='ltr'><strong>militis</strong></span> <span class='ocrx_word' id='word_1_74' title='bbox 995 1422 1146 1493; x_wconf 69' lang='lat' dir='ltr'><strong>porterum</strong></span> <span class='ocrx_word' id='word_1_75' title='bbox 1158 1409 1205 1469; x_wconf 83' lang='lat' dir='ltr'><strong>vel</strong></span> <span class='ocrx_word' id='word_1_76' title='bbox 1219 1409 1290 1469; x_wconf 87' lang='lat' dir='ltr'><strong>olim</strong></span> 
     </span>
     <span class='ocr_line' id='line_1_10' title="bbox 150 1506 1288 1594; baseline -0.007 -21"><span class='ocrx_word' id='word_1_77' title='bbox 150 1512 370 1591; x_wconf 78' lang='lat' dir='ltr'><strong>psriendorum.</strong></span> <span class='ocrx_word' id='word_1_78' title='bbox 393 1514 486 1575; x_wconf 79' lang='lat' dir='ltr'><strong>Postu</strong></span> <span class='ocrx_word' id='word_1_79' title='bbox 495 1515 559 1594; x_wconf 79' lang='lat' dir='ltr'><strong>jum</strong></span> <span class='ocrx_word' id='word_1_80' title='bbox 572 1515 696 1587; x_wconf 86' lang='lat' dir='ltr'><strong>x11,9s</strong></span> <span class='ocrx_word' id='word_1_81' title='bbox 710 1534 770 1594; x_wconf 86' lang='lat' dir='ltr'><strong>seq.</strong></span> <span class='ocrx_word' id='word_1_82' title='bbox 785 1523 967 1593; x_wconf 82' lang='lat' dir='ltr'><strong>onptstorum</strong></span> <span class='ocrx_word' id='word_1_83' title='bbox 981 1519 1057 1571; x_wconf 73' lang='lat' dir='ltr'><strong>artes</strong></span> <span class='ocrx_word' id='word_1_84' title='bbox 1070 1506 1288 1588; x_wconf 76' lang='lat' dir='ltr'><strong>perstrinxerat,</strong></span> 
     </span>
     <span class='ocr_line' id='line_1_11' title="bbox 151 1608 1289 1698; baseline -0.006 -24"><span class='ocrx_word' id='word_1_85' title='bbox 151 1625 185 1674; x_wconf 85' lang='lat' dir='ltr'><strong>et</strong></span> <span class='ocrx_word' id='word_1_86' title='bbox 196 1634 277 1675; x_wconf 89' lang='lat' dir='ltr'><strong>nuno</strong></span> <span class='ocrx_word' id='word_1_87' title='bbox 291 1614 387 1686; x_wconf 84' lang='lat' dir='ltr'><strong>donet,</strong></span> <span class='ocrx_word' id='word_1_88' title='bbox 413 1615 494 1695; x_wconf 86' lang='lat' dir='ltr'><strong>ipsos</strong></span> <span class='ocrx_word' id='word_1_89' title='bbox 504 1638 623 1698; x_wconf 86' lang='lat' dir='ltr'><strong>qnoque</strong></span> <span class='ocrx_word' id='word_1_90' title='bbox 635 1630 733 1698; x_wconf 80' lang='lat' dir='ltr'><strong>potres</strong></span> <span class='ocrx_word' id='word_1_91' title='bbox 746 1617 837 1678; x_wconf 76' lang='lat' dir='ltr'><strong>fuisse</strong></span> <span class='ocrx_word' id='word_1_92' title='bbox 859 1623 1021 1694; x_wconf 71' lang='lat' dir='ltr'><strong>captatores</strong></span> <span class='ocrx_word' id='word_1_93' title='bbox 1040 1610 1166 1670; x_wconf 83' lang='lat' dir='ltr'><strong>filiorum</strong></span> <span class='ocrx_word' id='word_1_94' title='bbox 1180 1620 1210 1671; x_wconf 90' lang='lat' dir='ltr'><strong>et</strong></span> <span class='ocrx_word' id='word_1_95' title='bbox 1224 1608 1289 1687; x_wconf 88' lang='lat' dir='ltr'><strong>qui·</strong></span> 
     </span>
     <span class='ocr_line' id='line_1_12' title="bbox 152 1714 1290 1800; baseline -0.004 -25"><span class='ocrx_word' id='word_1_96' title='bbox 152 1715 223 1776; x_wconf 82' lang='lat' dir='ltr'><strong>dem</strong></span> <span class='ocrx_word' id='word_1_97' title='bbox 241 1718 309 1797; x_wconf 80' lang='lat' dir='ltr'><strong>jum</strong></span> <span class='ocrx_word' id='word_1_98' title='bbox 328 1718 466 1790; x_wconf 74' lang='lat' dir='ltr'><strong>irmios,</strong></span> <span class='ocrx_word' id='word_1_99' title='bbox 493 1740 555 1800; x_wconf 86' lang='lat' dir='ltr'><strong>quo</strong></span> <span class='ocrx_word' id='word_1_100' title='bbox 581 1720 625 1780; x_wconf 90' lang='lat' dir='ltr'><strong>rei</strong></span> <span class='ocrx_word' id='word_1_101' title='bbox 645 1719 806 1799; x_wconf 71' lang='lat' dir='ltr'><strong>indignitas</strong></span> <span class='ocrx_word' id='word_1_102' title='bbox 828 1728 961 1797; x_wconf 63' lang='lat' dir='ltr'><strong>nugnun</strong></span> <span class='ocrx_word' id='word_1_103' title='bbox 1004 1714 1165 1775; x_wconf 72' lang='lat' dir='ltr'><strong>Historiam</strong></span> <span class='ocrx_word' id='word_1_104' title='bbox 1191 1723 1290 1772; x_wconf 80' lang='lat' dir='ltr'><strong>eutem</strong></span> 
     </span>
     <span class='ocr_line' id='line_1_13' title="bbox 151 1815 1289 1901; baseline -0.004 -24"><span class='ocrx_word' id='word_1_105' title='bbox 151 1818 293 1897; x_wconf 83' lang='lat' dir='ltr'><strong>temporis</strong></span> <span class='ocrx_word' id='word_1_106' title='bbox 306 1819 352 1879; x_wconf 89' lang='lat' dir='ltr'><strong>sui</strong></span> <span class='ocrx_word' id='word_1_107' title='bbox 364 1818 445 1880; x_wconf 78' lang='lat' dir='ltr'><strong>houd</strong></span> <span class='ocrx_word' id='word_1_108' title='bbox 458 1820 547 1882; x_wconf 90' lang='lat' dir='ltr'><strong>dubie</strong></span> <span class='ocrx_word' id='word_1_109' title='bbox 560 1823 688 1901; x_wconf 83' lang='lat' dir='ltr'><strong>respexit</strong></span> <span class='ocrx_word' id='word_1_110' title='bbox 695 1844 706 1893; x_wconf 88' lang='lat'>;</span> <span class='ocrx_word' id='word_1_111' title='bbox 719 1832 751 1882; x_wconf 84' lang='lat' dir='ltr'><strong>et</strong></span> <span class='ocrx_word' id='word_1_112' title='bbox 762 1818 1014 1882; x_wconf 81' lang='lat' dir='ltr'><strong>Corannrvidetor</strong></span> <span class='ocrx_word' id='word_1_113' title='bbox 1027 1815 1101 1877; x_wconf 87' lang='lat' dir='ltr'><strong>slius</strong></span> <span class='ocrx_word' id='word_1_114' title='bbox 1114 1834 1186 1885; x_wconf 86' lang='lat' dir='ltr'><strong>esse,</strong></span> <span class='ocrx_word' id='word_1_115' title='bbox 1200 1832 1289 1893; x_wconf 85' lang='lat' dir='ltr'><strong>qnsm</strong></span> 
     </span>
     <span class='ocr_line' id='line_1_14' title="bbox 152 1912 1289 1994; baseline -0.004 -19"><span class='ocrx_word' id='word_1_116' title='bbox 152 1915 208 1994; x_wconf 88' lang='lat' dir='ltr'><strong>qui</strong></span> <span class='ocrx_word' id='word_1_117' title='bbox 220 1928 398 1977; x_wconf 78' lang='lat' dir='ltr'><strong>memoratur</strong></span> <span class='ocrx_word' id='word_1_118' title='bbox 411 1918 515 1979; x_wconf 75' lang='lat' dir='ltr'><strong>Horat</strong></span> <span class='ocrx_word' id='word_1_119' title='bbox 531 1920 590 1980; x_wconf 78' lang='lat' dir='ltr'><strong>Snt.</strong></span> <span class='ocrx_word' id='word_1_120' title='bbox 605 1920 650 1993; x_wconf 88' lang='lat'><strong>11,</strong></span> <span class='ocrx_word' id='word_1_121' title='bbox 664 1927 694 1993; x_wconf 76' lang='lat' dir='ltr'><strong>t,</strong></span> <span class='ocrx_word' id='word_1_122' title='bbox 709 1927 757 1986; x_wconf 84' lang='grc'><strong>57.</strong></span> <span class='ocrx_word' id='word_1_123' title='bbox 771 1954 813 1969; x_wconf 91' lang='grc'>-</span> <span class='ocrx_word' id='word_1_124' title='bbox 827 1917 874 1979; x_wconf 82' lang='grc'><strong>56.</strong></span> <span class='ocrx_word' id='word_1_125' title='bbox 896 1916 984 1977; x_wconf 78' lang='lat' dir='ltr'><strong>Hune</strong></span> <span class='ocrx_word' id='word_1_126' title='bbox 997 1917 1144 1975; x_wconf 75' lang='lat' dir='ltr'><strong>Cunnum</strong></span> <span class='ocrx_word' id='word_1_127' title='bbox 1165 1934 1188 1973; x_wconf 85' lang='lat' dir='ltr'><strong>s</strong></span> <span class='ocrx_word' id='word_1_128' title='bbox 1212 1912 1289 1971; x_wconf 89' lang='lat' dir='ltr'><strong>miii-</strong></span> 
     </span>
     <span class='ocr_line' id='line_1_15' title="bbox 151 2014 1288 2099; baseline -0.001 -23"><span class='ocrx_word' id='word_1_129' title='bbox 151 2028 215 2077; x_wconf 85' lang='lat' dir='ltr'><strong>tem</strong></span> <span class='ocrx_word' id='word_1_130' title='bbox 227 2016 307 2077; x_wconf 74' lang='lat' dir='ltr'><strong>labor</strong></span> <span class='ocrx_word' id='word_1_131' title='bbox 320 2039 415 2097; x_wconf 79' lang='lat' dir='ltr'><strong>oeqsur</strong></span> <span class='ocrx_word' id='word_1_132' title='bbox 424 2020 573 2099; x_wconf 73' lang='lat' dir='ltr'><strong>pmnshit:</strong></span> <span class='ocrx_word' id='word_1_133' title='bbox 593 2040 714 2099; x_wconf 69' lang='lat' dir='ltr'><strong>(equum</strong></span> <span class='ocrx_word' id='word_1_134' title='bbox 727 2020 806 2081; x_wconf 86' lang='lat' dir='ltr'><strong>enim</strong></span> <span class='ocrx_word' id='word_1_135' title='bbox 819 2030 872 2089; x_wconf 88' lang='lat' dir='ltr'><strong>est,</strong></span> <span class='ocrx_word' id='word_1_136' title='bbox 886 2018 968 2097; x_wconf 74' lang='lat' dir='ltr'><strong>paria</strong></span> <span class='ocrx_word' id='word_1_137' title='bbox 980 2018 1072 2077; x_wconf 86' lang='lat' dir='ltr'><strong>lsbori</strong></span> <span class='ocrx_word' id='word_1_138' title='bbox 1086 2016 1207 2096; x_wconf 79' lang='lat' dir='ltr'><strong>praemis</strong></span> <span class='ocrx_word' id='word_1_139' title='bbox 1218 2014 1288 2075; x_wconf 87' lang='lat' dir='ltr'><strong>red-</strong></span> 
     </span>
     <span class='ocr_line' id='line_1_16' title="bbox 151 2117 1288 2198; baseline -0.002 -21"><span class='ocrx_word' id='word_1_140' title='bbox 151 2118 204 2189; x_wconf 81' lang='lat' dir='ltr'><strong>‹li;</strong></span> <span class='ocrx_word' id='word_1_141' title='bbox 222 2138 319 2197; x_wconf 75' lang='lat' dir='ltr'><strong>oeqree</strong></span> <span class='ocrx_word' id='word_1_142' title='bbox 337 2130 435 2178; x_wconf 78' lang='lat' dir='ltr'><strong>entem</strong></span> <span class='ocrx_word' id='word_1_143' title='bbox 455 2118 621 2198; x_wconf 72' lang='lat' dir='ltr'><strong>appellatur</strong></span> <span class='ocrx_word' id='word_1_144' title='bbox 640 2119 729 2193; x_wconf 68' lang='lat' dir='ltr'><strong>irim,</strong></span> <span class='ocrx_word' id='word_1_145' title='bbox 748 2120 818 2198; x_wconf 85' lang='lat' dir='ltr'><strong>quis</strong></span> <span class='ocrx_word' id='word_1_146' title='bbox 837 2138 956 2197; x_wconf 74' lang='lat' dir='ltr'><strong>oequrnn</strong></span> <span class='ocrx_word' id='word_1_147' title='bbox 975 2129 1020 2177; x_wconf 88' lang='lat' dir='ltr'><strong>est</strong></span> <span class='ocrx_word' id='word_1_148' title='bbox 1038 2117 1208 2195; x_wconf 85' lang='lat' dir='ltr'><strong>unicuique,</strong></span> <span class='ocrx_word' id='word_1_149' title='bbox 1232 2135 1288 2196; x_wconf 93' lang='lat' dir='ltr'><strong>pro</strong></span> 
     </span>
     <span class='ocr_line' id='line_1_17' title="bbox 152 2214 1288 2298; baseline -0.002 -21"><span class='ocrx_word' id='word_1_150' title='bbox 152 2219 249 2297; x_wconf 79' lang='lat' dir='ltr'><strong>petris</strong></span> <span class='ocrx_word' id='word_1_151' title='bbox 261 2214 411 2289; x_wconf 62' lang='lat' dir='ltr'><strong>laborm</strong></span> <span class='ocrx_word' id='word_1_152' title='bbox 425 2219 497 2280; x_wconf 87' lang='lat' dir='ltr'><strong>Brit</strong></span> <span class='ocrx_word' id='word_1_153' title='bbox 522 2220 581 2279; x_wconf 84' lang='lat' dir='ltr'><strong>Sed</strong></span> <span class='ocrx_word' id='word_1_154' title='bbox 595 2240 623 2279; x_wconf 85' lang='lat' dir='ltr'><strong>r.</strong></span> <span class='ocrx_word' id='word_1_155' title='bbox 631 2220 700 2279; x_wconf 80' lang='lat' dir='ltr'><strong>Ver.</strong></span> <span class='ocrx_word' id='word_1_156' title='bbox 713 2220 796 2280; x_wconf 78' lang='lat' dir='ltr'><strong>Lect-</strong></span> <span class='ocrx_word' id='word_1_157' title='bbox 818 2227 865 2287; x_wconf 85' lang='grc'><strong>57.</strong></span> <span class='ocrx_word' id='word_1_158' title='bbox 876 2217 975 2298; x_wconf 65' lang='lat' dir='ltr'><strong>pulcro</strong></span> <span class='ocrx_word' id='word_1_159' title='bbox 987 2216 1077 2277; x_wconf 72' lang='lat' dir='ltr'><strong>oborn·</strong></span> <span class='ocrx_word' id='word_1_160' title='bbox 1086 2215 1207 2287; x_wconf 69' lang='lat' dir='ltr'><strong>militie,</strong></span> <span class='ocrx_word' id='word_1_161' title='bbox 1218 2217 1288 2293; x_wconf 84' lang='lat' dir='ltr'><strong>quis</strong></span> 
     </span>
     <span class='ocr_line' id='line_1_18' title="bbox 155 2316 1286 2401; baseline -0.002 -23"><span class='ocrx_word' id='word_1_162' title='bbox 155 2318 243 2379; x_wconf 84' lang='lat' dir='ltr'><strong>sslnti</strong></span> <span class='ocrx_word' id='word_1_163' title='bbox 254 2320 356 2399; x_wconf 72' lang='lat' dir='ltr'><strong>pstriae</strong></span> <span class='ocrx_word' id='word_1_164' title='bbox 368 2319 557 2400; x_wconf 81' lang='lat' dir='ltr'><strong>impenditur.</strong></span> <span class='ocrx_word' id='word_1_165' title='bbox 584 2324 665 2393; x_wconf 81' lang='lat' dir='ltr'><strong>dona,</strong></span> <span class='ocrx_word' id='word_1_166' title='bbox 679 2324 805 2382; x_wconf 75' lang='lat' dir='ltr'><strong>honores</strong></span> <span class='ocrx_word' id='word_1_167' title='bbox 818 2332 848 2383; x_wconf 87' lang='lat' dir='ltr'><strong>et</strong></span> <span class='ocrx_word' id='word_1_168' title='bbox 860 2320 990 2401; x_wconf 69' lang='lat' dir='ltr'><strong>premis,</strong></span> <span class='ocrx_word' id='word_1_169' title='bbox 1004 2317 1101 2397; x_wconf 79' lang='lat' dir='ltr'><strong>quslis</strong></span> <span class='ocrx_word' id='word_1_170' title='bbox 1117 2336 1185 2377; x_wconf 83' lang='lat' dir='ltr'><strong>mox</strong></span> <span class='ocrx_word' id='word_1_171' title='bbox 1195 2338 1223 2377; x_wconf 87' lang='lat' dir='ltr'><strong>v.</strong></span> <span class='ocrx_word' id='word_1_172' title='bbox 1238 2316 1286 2377; x_wconf 89' lang='grc'><strong>60.</strong></span> 
     </span>
     <span class='ocr_line' id='line_1_19' title="bbox 152 2423 806 2504; baseline 0.009 -25"><span class='ocrx_word' id='word_1_173' title='bbox 152 2431 364 2494; x_wconf 72' lang='lat' dir='ltr'><strong>memorentur,</strong></span> <span class='ocrx_word' id='word_1_174' title='bbox 377 2423 450 2481; x_wconf 78' lang='lat' dir='ltr'><strong>dona</strong></span> <span class='ocrx_word' id='word_1_175' title='bbox 465 2443 527 2495; x_wconf 80' lang='lat' dir='ltr'><strong>ruo,</strong></span> <span class='ocrx_word' id='word_1_176' title='bbox 541 2424 659 2504; x_wconf 81' lang='lat' dir='ltr'><strong>propris</strong></span> <span class='ocrx_word' id='word_1_177' title='bbox 671 2444 707 2484; x_wconf 82' lang='lat' dir='ltr'><strong>ee</strong></span> <span class='ocrx_word' id='word_1_178' title='bbox 715 2424 806 2504; x_wconf 81' lang='lat' dir='ltr'><strong>justu·</strong></span> 
     </span>
    </p>

    <p class='ocr_par' dir='ltr' id='par_1_6' title="bbox 150 2520 1309 3203">
     <span class='ocr_line' id='line_1_20' title="bbox 195 2520 1286 2603; baseline -0.002 -22"><span class='ocrx_word' id='word_1_179' title='bbox 195 2530 233 2582; x_wconf 78' lang='grc'><strong>58</strong></span> <span class='ocrx_word' id='word_1_180' title='bbox 255 2543 315 2602; x_wconf 83' lang='lat' dir='ltr'><strong>seq.</strong></span> <span class='ocrx_word' id='word_1_181' title='bbox 347 2524 446 2603; x_wconf 85' lang='lat' dir='ltr'><strong>Ipsius</strong></span> <span class='ocrx_word' id='word_1_182' title='bbox 465 2525 550 2587; x_wconf 86' lang='lat' dir='ltr'><strong>ducis</strong></span> <span class='ocrx_word' id='word_1_183' title='bbox 570 2527 668 2597; x_wconf 78' lang='lat' dir='ltr'><strong>refert,</strong></span> <span class='ocrx_word' id='word_1_184' title='bbox 689 2526 796 2585; x_wconf 79' lang='lat' dir='ltr'><strong>milites</strong></span> <span class='ocrx_word' id='word_1_185' title='bbox 817 2525 976 2585; x_wconf 87' lang='lat' dir='ltr'><strong>honoribus</strong></span> <span class='ocrx_word' id='word_1_186' title='bbox 997 2542 1032 2582; x_wconf 84' lang='lat' dir='ltr'><strong>ne</strong></span> <span class='ocrx_word' id='word_1_187' title='bbox 1052 2520 1181 2601; x_wconf 84' lang='lat' dir='ltr'><strong>praemiis</strong></span> <span class='ocrx_word' id='word_1_188' title='bbox 1202 2521 1286 2593; x_wconf 83' lang='lat' dir='ltr'><strong>effici,</strong></span> 
     </span>
     <span class='ocr_line' id='line_1_21' title="bbox 152 2618 1309 2703; baseline -0.003 -21"><span class='ocrx_word' id='word_1_189' title='bbox 152 2623 295 2701; x_wconf 83' lang='lat' dir='ltr'><strong>quonism</strong></span> <span class='ocrx_word' id='word_1_190' title='bbox 315 2623 357 2685; x_wconf 87' lang='lat' dir='ltr'><strong>sie</strong></span> <span class='ocrx_word' id='word_1_191' title='bbox 376 2645 436 2684; x_wconf 91' lang='lat' dir='ltr'><strong>non</strong></span> <span class='ocrx_word' id='word_1_192' title='bbox 456 2637 517 2686; x_wconf 84' lang='lat' dir='ltr'><strong>tsnr</strong></span> <span class='ocrx_word' id='word_1_193' title='bbox 536 2628 630 2687; x_wconf 80' lang='lat' dir='ltr'><strong>virtus</strong></span> <span class='ocrx_word' id='word_1_194' title='bbox 648 2647 750 2687; x_wconf 87' lang='lat' dir='ltr'><strong>eorum</strong></span> <span class='ocrx_word' id='word_1_195' title='bbox 769 2626 911 2687; x_wconf 79' lang='lat' dir='ltr'><strong>excitatur</strong></span> <span class='ocrx_word' id='word_1_196' title='bbox 930 2623 1039 2703; x_wconf 87' lang='lat' dir='ltr'><strong>sliique</strong></span> <span class='ocrx_word' id='word_1_197' title='bbox 1061 2620 1229 2682; x_wconf 76' lang='lat' dir='ltr'><strong>alliciuntur</strong></span> <span class='ocrx_word' id='word_1_198' title='bbox 1248 2618 1309 2680; x_wconf 85' lang='lat' dir='ltr'><strong>sui&#39;</strong></span> 
     </span>
     <span class='ocr_line' id='line_1_22' title="bbox 151 2720 1287 2808; baseline -0.004 -28"><span class='ocrx_word' id='word_1_199' title='bbox 151 2720 349 2792; x_wconf 74' lang='lat' dir='ltr'><strong>militandum,</strong></span> <span class='ocrx_word' id='word_1_200' title='bbox 370 2744 461 2804; x_wconf 79' lang='lat' dir='ltr'><strong>quem</strong></span> <span class='ocrx_word' id='word_1_201' title='bbox 479 2735 545 2784; x_wconf 84' lang='lat' dir='ltr'><strong>tum</strong></span> <span class='ocrx_word' id='word_1_202' title='bbox 563 2726 656 2805; x_wconf 87' lang='lat' dir='ltr'><strong>ipsius</strong></span> <span class='ocrx_word' id='word_1_203' title='bbox 674 2725 758 2786; x_wconf 86' lang='lat' dir='ltr'><strong>ducis</strong></span> <span class='ocrx_word' id='word_1_204' title='bbox 773 2722 886 2808; x_wconf 86' lang='lat' dir='ltr'><strong>justitie</strong></span> <span class='ocrx_word' id='word_1_205' title='bbox 904 2723 1054 2803; x_wconf 80' lang='lat' dir='ltr'><strong>probetur,</strong></span> <span class='ocrx_word' id='word_1_206' title='bbox 1074 2730 1139 2780; x_wconf 84' lang='lat' dir='ltr'><strong>turn</strong></span> <span class='ocrx_word' id='word_1_207' title='bbox 1158 2737 1240 2777; x_wconf 75' lang='lat' dir='ltr'><strong>umor</strong></span> <span class='ocrx_word' id='word_1_208' title='bbox 1252 2736 1287 2776; x_wconf 80' lang='lat' dir='ltr'><strong>nc</strong></span> 
     </span>
     <span class='ocr_line' id='line_1_23' title="bbox 151 2819 1286 2904; baseline -0.004 -22"><span class='ocrx_word' id='word_1_209' title='bbox 151 2822 247 2902; x_wconf 73' lang='lat' dir='ltr'><strong>glorie</strong></span> <span class='ocrx_word' id='word_1_210' title='bbox 265 2824 399 2884; x_wconf 77' lang='lat' dir='ltr'><strong>militaris</strong></span> <span class='ocrx_word' id='word_1_211' title='bbox 418 2839 551 2904; x_wconf 76' lang='lat' dir='ltr'><strong>nugetur.</strong></span> <span class='ocrx_word' id='word_1_212' title='bbox 592 2827 640 2888; x_wconf 91' lang='grc'><strong>60.</strong></span> <span class='ocrx_word' id='word_1_213' title='bbox 663 2828 738 2887; x_wconf 83' lang='lat' dir='ltr'><strong>Haee</strong></span> <span class='ocrx_word' id='word_1_214' title='bbox 757 2838 788 2888; x_wconf 86' lang='lat' dir='ltr'><strong>et</strong></span> <span class='ocrx_word' id='word_1_215' title='bbox 807 2827 862 2886; x_wconf 79' lang='lat' dir='ltr'><strong>ulia</strong></span> <span class='ocrx_word' id='word_1_216' title='bbox 881 2824 998 2886; x_wconf 89' lang='lat' dir='ltr'><strong>virtutis</strong></span> <span class='ocrx_word' id='word_1_217' title='bbox 1014 2821 1147 2882; x_wconf 78' lang='lat' dir='ltr'><strong>militaris</strong></span> <span class='ocrx_word' id='word_1_218' title='bbox 1165 2819 1286 2899; x_wconf 70' lang='lat' dir='ltr'><strong>praemia</strong></span> 
     </span>
     <span class='ocr_line' id='line_1_24' title="bbox 150 2915 1285 3004; baseline 0.006 -25"><span class='ocrx_word' id='word_1_219' title='bbox 150 2933 352 2980; x_wconf 77' lang='lat' dir='ltr'><strong>memorentur</strong></span> <span class='ocrx_word' id='word_1_220' title='bbox 365 2921 441 2982; x_wconf 80' lang='lat' dir='ltr'><strong>Geli</strong></span> <span class='ocrx_word' id='word_1_221' title='bbox 458 2922 499 2993; x_wconf 90' lang='lat'><strong>11,</strong></span> <span class='ocrx_word' id='word_1_222' title='bbox 516 2931 562 2983; x_wconf 89' lang='lat'><strong>11.</strong></span> <span class='ocrx_word' id='word_1_223' title='bbox 575 2936 606 2985; x_wconf 84' lang='lat' dir='ltr'><strong>et</strong></span> <span class='ocrx_word' id='word_1_224' title='bbox 618 2924 669 2983; x_wconf 86' lang='lat' dir='ltr'><strong>Sil.</strong></span> <span class='ocrx_word' id='word_1_225' title='bbox 684 2924 754 2996; x_wconf 83' lang='lat' dir='ltr'><strong>XV,</strong></span> <span class='ocrx_word' id='word_1_226' title='bbox 768 2931 828 2985; x_wconf 82' lang='lat'><strong>254</strong></span> <span class='ocrx_word' id='word_1_227' title='bbox 841 2943 906 3004; x_wconf 45' lang='lat' dir='ltr'><strong>seq„</strong></span> <span class='ocrx_word' id='word_1_228' title='bbox 938 2921 986 2980; x_wconf 89' lang='lat' dir='ltr'><strong>De</strong></span> <span class='ocrx_word' id='word_1_229' title='bbox 996 2919 1123 3000; x_wconf 73' lang='lat' dir='ltr'><strong>phaleris</strong></span> <span class='ocrx_word' id='word_1_230' title='bbox 1136 2939 1163 2976; x_wconf 86' lang='lat' dir='ltr'><strong>v·</strong></span> <span class='ocrx_word' id='word_1_231' title='bbox 1177 2917 1214 2976; x_wconf 81' lang='lat' dir='ltr'><strong>sd</strong></span> <span class='ocrx_word' id='word_1_232' title='bbox 1229 2915 1285 2986; x_wconf 72' lang='grc' dir='ltr'><strong>ΧῙ»</strong></span> 
     </span>
     <span class='ocr_line' id='line_1_25' title="bbox 155 3013 1284 3100; baseline -0.006 -22"><span class='ocrx_word' id='word_1_233' title='bbox 155 3026 222 3079; x_wconf 81' lang='grc'><strong>103.</strong></span> <span class='ocrx_word' id='word_1_234' title='bbox 236 3031 266 3080; x_wconf 87' lang='lat' dir='ltr'><strong>et</strong></span> <span class='ocrx_word' id='word_1_235' title='bbox 279 3018 317 3079; x_wconf 86' lang='lat' dir='ltr'><strong>de</strong></span> <span class='ocrx_word' id='word_1_236' title='bbox 332 3019 475 3100; x_wconf 77' lang='lat' dir='ltr'><strong>torquibus</strong></span> <span class='ocrx_word' id='word_1_237' title='bbox 493 3021 574 3100; x_wconf 75' lang='lat' dir='ltr'><strong>Lips</strong></span> <span class='ocrx_word' id='word_1_238' title='bbox 589 3022 654 3082; x_wconf 87' lang='lat' dir='ltr'><strong>Mil.</strong></span> <span class='ocrx_word' id='word_1_239' title='bbox 669 3023 751 3084; x_wconf 83' lang='lat' dir='ltr'><strong>Rom.</strong></span> <span class='ocrx_word' id='word_1_240' title='bbox 766 3023 805 3098; x_wconf 86' lang='lat' dir='ltr'><strong>V,</strong></span> <span class='ocrx_word' id='word_1_241' title='bbox 822 3030 869 3090; x_wconf 89' lang='grc'><strong>17.</strong></span> <span class='ocrx_word' id='word_1_242' title='bbox 889 3013 1043 3082; x_wconf 84' lang='lat' dir='ltr'><strong>ubi&#39;etism</strong></span> <span class='ocrx_word' id='word_1_243' title='bbox 1065 3015 1219 3078; x_wconf 83' lang='lat' dir='ltr'><strong>‹liserirnen</strong></span> <span class='ocrx_word' id='word_1_244' title='bbox 1233 3013 1284 3072; x_wconf 91' lang='lat' dir='ltr'><strong>ho·</strong></span> 
     </span>
     <span class='ocr_line' id='line_1_26' title="bbox 153 3119 654 3203; baseline 0.002 -26"><span class='ocrx_word' id='word_1_245' title='bbox 153 3136 221 3177; x_wconf 81' lang='lat' dir='ltr'><strong>rum</strong></span> <span class='ocrx_word' id='word_1_246' title='bbox 234 3130 469 3180; x_wconf 73' lang='lat' dir='ltr'><strong>ot&#39;mmentomm</strong></span> <span class='ocrx_word' id='word_1_247' title='bbox 483 3119 654 3203; x_wconf 78' lang='lat' dir='ltr'><strong>exquiritur.</strong></span> 
     </span>
    </p>
   </div>
   <div class='ocr_carea' id='block_1_5' title="bbox 0 0 1554 5250">
    <p class='ocr_par' dir='ltr' id='par_1_7' title="bbox 0 0 1554 5250">
     <span class='ocr_line' id='line_1_27' title="bbox 0 0 1554 5250; baseline 0 2"><span class='ocrx_word' id='word_1_248' title='bbox 0 0 1554 5250; x_wconf 95' lang='lat' dir='ltr'><strong> </strong></span> 
     </span>
    </p>
   </div>
  </div>
 </body>
</html>
