3100 5250
473 449 523 515 lN
544 447 709 515 JUVEN.
734 449 831 516 SAT.
855 452 915 517 VI.
1206 459 1266 520 19⁵

103 620 215 682 hendo
231 622 281 682 vel
296 621 429 700 adigeret
443 621 490 680 vel
504 621 650 696 alliceret;
669 643 786 705 quaque
805 625 894 687 etiam
913 635 1020 705 preter
1038 638 1135 688 cetera
1147 643 1265 692 cantum

102 731 186 792 etat,
204 711 245 780 nt
259 721 381 782 caeiibee
393 740 486 800 neque
499 721 700 794 hereditatem,
719 744 816 804 neque
829 725 959 804 legatum
972 745 1009 784 ex
1022 736 1196 790 testamento
1208 732 1265 791 niai

103 819 333 896 proximorum
348 821 511 900 caperent⁹
545 822 628 882 Conf.
643 823 682 882 ad
698 823 754 896 IX,
769 831 808 892 87
823 845 882 903 seq.
963 825 1183 899 intemerate,
1197 830 1264 909 gig·
1311 865 1322 876 -

103 937 197 978 nere.
249 920 385 980 Infantes
396 939 492 980 recena
505 922 577 992 nati,
599 934 633 982 at
645 921 736 1002 vulgo
749 934 865 1002 putant,
884 923 969 984 humi
988 925 1211 1004 deponebantur
1223 942 1263 1002 et,

103 1041 198 1100 quoe
213 1036 303 1102 peter
313 1023 431 1093 tollebat,
444 1025 619 1102 agnoscebat
631 1044 687 1104 pro
700 1025 760 1084 auis
773 1025 882 1096 liberio,
894 1046 967 1105 quoa
977 1047 1048 1086 vero
1060 1047 1120 1086 non
1133 1029 1262 1100 tonabat,

103 1126 360 1201 exponebantur.
401 1123 482 1182 Ritus
502 1134 600 1183 tamen
621 1123 671 1182 ille
691 1125 800 1184 dubius
822 1138 875 1196 eat,
895 1136 926 1186 et
945 1126 1038 1186 tollere
1055 1128 1131 1188 forte
1150 1127 1191 1186 id.
1211 1129 1262 1206 qd.

105 1221 264 1291 educare,
280 1222 374 1292 alere,·
394 1221 472 1280 ande
492 1233 522 1282 et
541 1211 647 1282 matres
667 1223 811 1307 sustulisse
830 1225 970 1285 dicuntur
985 1225 1091 1286 liberos
1103 1246 1149 1304 ap.
1166 1221 1261 1286 Plant.

105 1329 212 1387 Truc.
235 1329 281 1397 11,
296 1336 325 1396 4,
347 1335 395 1386 45.
417 1329 534 1388 Terent
558 1327 667 1388 Heaut
689 1319 748 1398 111,
771 1335 799 1397 5,
823 1328 873 1407 (al.
897 1329 951 1399 1V,
974 1331 1016 1408 1,)
1040 1337 1085 1388 14.
1109 1337 1155 1388 15.
1175 1341 1205 1415 et
1224 1330 1260 1390 al.

106 1427 222 1486 auom
236 1437 269 1486 et
282 1427 363 1502 δεινῶς
382 1437 412 1484 et
426 1429 558 1506 ιὶςωνικᾶς.
599 1433 646 1496 39.
664 1425 775 1505 Cogitat
788 1427 913 1488 heredem
928 1439 982 1488 cet
1013 1429 1060 1490 cf.
1072 1428 1261 1506 epigramma,

109 1529 152 1585 ab
170 1525 262 1602 Heio.
276 1524 442 1595 laudatum,
457 1525 488 1582 in
504 1525 604 1584 Barm.
618 1525 740 1585 Anthol.
755 1524 792 1586 T.
805 1525 829 1583 1.
843 1546 873 1605 p.
887 1532 955 1588 685.

327 1709 447 1784 ,Cogitat
460 1708 588 1776 Umidius,
600 1709 646 1764 cibi
659 1710 722 1764 dote
730 1712 823 1783 jngere
835 1711 958 1782 puellam,

370 1799 411 1854 Ut
423 1801 526 1870 placcat
538 1800 655 1866 domino,
671 1799 768 1870 cogitat
782 1799 909 1855 Ursidius.

335 1892 444 1962 Cogitat
456 1891 583 1959 Ursidiua,
595 1892 718 1946 heredem
731 1888 825 1947 tollere
836 1911 954 1964 parvum,

372 1983 411 2038 Ut
423 1984 527 2054 placeat
539 1983 654 2050 domino,
668 1984 765 2054 cogitat
778 1983 904 2038 Umidiua

335 2073 443 2144 Cogitat
456 2071 585 2138 Umidius,
597 2073 705 2127 domino
717 2091 881 2145 quacumque
893 2074 995 2144 placere

371 2161 476 2232 Virgine
489 2162 529 2216 vel
542 2176 624 2233 puero
635 2181 642 2218 t
661 2179 738 2234 quam
752 2163 818 2234 capit
831 2162 966 2217 Ursidiua!

119 2355 264 2423 heredem,
287 2352 550 2432 filiumlegitimum
564 2375 581 2414 e
595 2354 730 2434 conjuge.
791 2341 955 2413 icarituras
975 2361 1084 2414 tartare
1104 2366 1169 2428 cet,
1190 2357 1220 2415 h.
1233 2380 1261 2417 e.

118 2459 221 2528 donia,
231 2465 305 2535 'qnae
323 2457 361 2514 ab
379 2455 555 2534 heredipetis
574 2457 733 2515 mittuntur
752 2455 798 2526 iia,
818 2456 870 2534 qui
887 2455 992 2516 divites
1006 2469 1075 2516 annt
1086 2477 1143 2516 nec
1155 2457 1261 2519 libcroe

115 2557 239 2616 habent
270 2553 316 2612 Cs.
331 2553 384 2625 tv,
401 2561 438 2613 18
454 2573 514 2633 aeq.
537 2554 574 2625 V,
589 2560 637 2625 98.
655 2561 712 2620 137
727 2573 787 2633 seq.
802 2553 882 2612 etal.
967 2555 1150 2614 Turturavie
1164 2557 1196 2615 in
1209 2558 1260 2617 de·

116 2660 199 2720 liciis
211 2671 276 2719 erat
295 2658 441 2717 Romanis.
453 2655 478 2694 ¹⁰
535 2658 622 2717 Hanc
642 2658 741 2735 itaque
760 2676 845 2716 avem
866 2656 895 2714 lt
916 2656 936 2715 1.
960 2657 1107 2736 designari
1127 2661 1259 2720 credide-

118 2766 192 2835 rim,
208 2784 267 2822 non
280 2762 389 2841 piscem
404 2760 488 2819 illum
501 2761 719 2839 rapacem‚.qui
734 2760 825 2839 vulgo
840 2758 1002 2839 paetinaco,
1024 2761 1136 2823 Graecia
1156 2767 1259 2844 τρυγὼν,

61 2914 64 2919 ,
121 2860 219 2921 Gallia
226 2868 400 2940 pomaque
413 2879 435 2917 a.
446 2858 604 2937 pateatque
617 2870 647 2918 et
660 2858 923 2948 torennae-nobit}
940 2854 1080 2937 gaytre'cte
1098 2882 1120 2920 a.
1141 2864 1259 2922 stactei-

115 2962 209 3033 νοε1ε,
225 2963 310 3041 (nam
323 2961 435 3039 species
448 2972 492 3021 eat
505 2960 582 3030 raiae,
597 2960 691 3039 roche)
706 2980 761 3021 nec
774 2962 831 3020 nini
844 2961 1002 3021 Ambrosio
1015 2963 1046 3019 in
1059 2962 1194 3021 Hexaem.
1209 2964 1260 3024 lib.

115 3068 170 3127 lx.
186 3087 212 3127 c
228 3072 279 3125 48.
300 3072 395 3123 tartar
415 3064 532 3135 dicitur,
556 3076 586 3123 et
605 3064 636 3123 in
658 3064 742 3142 cujus
763 3065 857 3124 cauda
874 3063 993 3123 eculeus
1007 3076 1051 3124 eat
1063 3077 1231 3125 venenatus.
1241 3070 1261 3105 ¹¹

114 3170 282 3250 Epitheton
297 3187 399 3246 magno
411 3186 471 3225 non
485 3166 558 3245 pisci
572 3178 687 3226 tantum
707 3168 853 3239 convenit,
875 3166 928 3226 aed
941 3179 972 3226 et
984 3166 1051 3238 avi;
1071 3188 1119 3246 ap.
1134 3168 1260 3228 Martial.

113 3274 144 3333 11.
160 3295 204 3333 cc.
225 3270 345 3352 pinguis
365 3278 467 3338 turtur,
490 3269 541 3347 qni
559 3268 710 3327 immodicis
722 3277 748 3327 te
761 3269 887 3328 clunibus
900 3268 1002 3348 implet.
1045 3276 1092 3328 40.
1108 3270 1260 3331 Mallorum
1379 3254 1384 3263 ’

104 3376 203 3455 jabis,
215 3376 247 3433 h.
262 3396 287 3433 e.
301 3372 401 3432 mullis
411 3372 532 3451 jubatos,
550 3370 598 3429 vel
613 3390 711 3449 propr.
725 3371 860 3441 barbatis,
882 3390 1009 3448 quornm
1029 3391 1151 3452 corpora
1170 3378 1260 3437 rubra

119 3478 253 3559 squamis
264 3488 294 3537 et
307 3476 388 3537 einis
402 3474 527 3553 geminis
541 3473 711 3552 auratisque*
719 3485 797 3533 tecta
810 3482 886 3533 tunt.
948 3472 1036 3532 Malli
1049 3460 1136 3536 ¹barbo
1149 3455 1260 3557 gmina

117 3577 311 3657 insignientur
323 3573 452 3653 inferiori
465 3572 553 3645 labro,
569 3571 643 3632 Plin.
658 3571 713 3642 IX,
731 3578 777 3638 17.
791 3592 815 3630 a.
829 3578 877 3630 80.
901 3570 980 3630 unde
993 3571 1105 3632 barbati
1118 3587 1260 3637 vocantur

118 3682 189 3741 Cic.
203 3680 242 3738 od
256 3680 317 3737 Aa.
330 3678 372 3747 11,
390 3684 416 3738 1.
433 3687 463 3735 et
476 3675 560 3734 Varr.
576 3674 610 3732 R.
627 3674 661 3733 lt
679 3674 738 3743 111,
756 3681 802 3739 17.
844 3674 912 3733 Non
926 3694 1026 3735 omnes
1040 3676 1260 3754 quidem‘mnlli

116 3788 197 3839 sunt
209 3775 327 3845 barbati,
341 3775 394 3835 aed
407 3774 438 3833 hi
452 3784 535 3833 erant
547 3771 736 3833 delicatiores.
765 3775 876 3829 rmimt
888 3772 909 3829 δ’
922 3770 969 3850 ’ἔφη
980 3775 1023 3841 τήν
1032 3778 1136 3854 τρίγλην
1146 3779 1258 3855 Σώφςυνρ

116 3878 363 3959 (Mimographus
385 3868 571 3956 Syiacuains)
594 3876 655 3935 tat
666 3877 694 3932 α1
716 3876 744 3933 ai
763 3872 850 3951 yimot
867 3870 973 3951 ἔχουσαι
991 3874 1080 3943 ἡδίονές
1100 3878 1145 3933 tice
1156 3880 1261 3947 μᾶλλον

112 3982 169 4038 νῦν
182 3976 280 4048 ἄλλων,
294 3979 405 4037 Athen.
420 3974 493 4045 VII,
507 3982 557 4033 21.
571 3994 600 4054 p.
616 3980 684 4033 325.
706 3970 794 4049 (VII,
811 3967 877 4030 126.
892 3970 939 4029 ed.
950 3970 1131 4050 Schweigh.)
1161 3974 1206 4034 Cf·
1221 3976 1259 4035 ad

142 4204 155 4231 ⁹
169 4202 326 4265 Deaaaque
336 4192 392 4265 lege
402 4208 426 4247 et
436 4196 540 4260 premiis
554 4194 676 4261 poenisque
741 4192 791 4241 ¹·v.
812 4191 892 4241 Plaot.
913 4192 986 4241 Moat.
1007 4192 1028 4251 1,
1053 4198 1072 4241 1.
1092 4199 1131 4242 41.
1152 4194 1257 4247 Martial.

107 4266 245 4329 monitio
257 4266 305 4313 vid.
319 4276 406 4327 prator
420 4262 480 4313 alios
498 4262 573 4313 anet.
592 4260 673 4309 ninor.
709 4258 764 4314 111.
777 4264 817 4315 60,
829 4262 852 4307 7.
863 4264 903 4316 89,
915 4263 954 4307 91.
968 4258 1104 4314 xnten

104 4335 210 4395 fnnispr.
233 4331 309 4380 Rom·
323 4329 379 4379 Lib.
392 4330 430 4378 11.
443 4344 464 4377 o.
480 4332 502 4377 1.
515 4336 571 4377 tect.
585 4332 607 4374 9.
621 4328 636 4389 §
650 4331 673 4373 9.
741 4321 757 4353 ¹¹
768 4338 791 4370 v.
805 4323 927 4371 Heronio.
940 4322 971 4371 ad
984 4322 1047 4371 Plio.
1063 4323 1113 4377 111,
1130 4330 1168 4373 49.
1183 4344 1202 4375 s.
1215 4334 1255 4378 67.

107 4405 131 4445 ’1.
147 4409 176 4447 et
187 4404 213 4445 8.
232 4405 259 4445 et
276 4396 345 4457 Lipn.
365 4394 466 4443 Excute.
480 4394 510 4443 nd
530 4392 587 4441 Tac.
606 4393 672 4440 Ano.
707 4398 761 4438 etc.
770 4393 810 4436 48.
823 4405 842 4436 a.
856 4394 895 4437 79.
917 4387 1026 4437 Schneid.
1039 4388 1070 4437 ad
1083 4390 1186 4453 Oppinni
1204 4393 1256 4442 Ha·

111 4463 169 4518 111.
183 4466 226 4512 2⁵.
707 4454 879 4515 tautane
