3100 5250
295 511 338 568 88
668 502 1077 572 COMMENTARIUS

295 676 489 750 existimabat,
507 678 685 757 treclscdipoa
705 680 737 738 in
757 681 873 741 scholiis
893 691 963 741 vett.
983 679 1022 742 sd
1039 676 1190 758 galliculas
1213 677 1268 749 (its
1280 678 1363 736 enim
1376 677 1437 758 leg.
1534 683 1535 696 ¹

293 799 351 858 1²¹⁰
363 779 514 861 mllgfflsst)
531 781 648 852 Gratas,
668 782 699 840 h.
714 803 740 842 e.
753 784 947 844 calceamenta
960 793 1120 861 pastorum,
1140 783 1223 860 (nam
1236 782 1277 840 ita
1289 781 1322 840 in
1337 781 1436 842 Gloss.
1534 768 1535 788 ¹

251 940 258 955 .
294 883 360 942 MS·
373 905 420 963 ap
436 884 530 944 carol.
543 885 586 943 du
601 885 719 955 Fresne,
734 896 808 945 teste
823 885 976 956 Scriverio,
997 897 1193 964 exponuntur,
1215 897 1249 946 ut
1263 887 1389 967 rpuxdlsf
1403 887 1438 946 in
1534 870 1535 903 ³

294 984 381 1064 gloss.
395 983 491 1064 vulg.)
506 996 537 1044 et
551 985 672 1064 quidem
685 985 845 1046 rectissime
858 985 945 1058 trahi,
965 997 999 1046 ut
1012 987 1085 1045 adeo
1098 985 1270 1064 indignetur
1283 986 1437 1058 satiricus,

293 1085 382 1144 etiam
394 1084 518 1144 rusticos
532 1084 624 1143 Graio
636 1104 718 1160 more
737 1085 802 1166 jam
823 1085 953 1156 calceari,
974 1085 1105 1145 fastidito
1124 1086 1230 1164 patrio.
1275 1083 1323 1144 68.
1344 1085 1441 1145 Poeta

291 1183 464 1264 perstringit
476 1183 612 1243 imunum
631 1185 740 1243 artium
760 1185 1010 1264 gymnasticarum
1030 1184 1170 1258 studium,
1193 1204 1229 1244 ex
1244 1183 1360 1245 Graecia
1376 1185 1438 1243 Ro-
1532 1175 1535 1210 ³

291 1307 371 1345 mam
390 1286 572 1356 translatum,
594 1296 628 1347 ut
648 1287 791 1347 Horatius
812 1282 906 1366 Epist
924 1287 966 1357 II,
984 1297 1011 1357 l,
1027 1294 1075 1347 32.
1083 1283 1139 1346 88.
1160 1299 1190 1348 et
1211 1287 1288 1346 Plin.
1302 1287 1436 1357 XXXV,
1534 1279 1535 1310 ³

294 1398 341 1450 12.
384 1389 451 1449 Vile
470 1399 568 1448 autem
588 1399 618 1448 et
637 1389 747 1449 infame
766 1389 848 1469 apud
869 1392 1014 1450 Romanos
1030 1399 1142 1449 veteres
1156 1401 1186 1449 ct
1199 1389 1297 1449 adhuc
1309 1390 1438 1450 rusticos

291 1503 440 1553 certamen
453 1492 611 1571 agonicnm
630 1503 660 1552 et
679 1492 886 1571 gladiatorium
907 1492 1099 1564 exercitium,
1119 1480 1444 1561 Ach.v.ad11‚143.‘

292 1597 438 1657 Niceteric
452 1596 582 1656 victorie
596 1595 724 1676 signum,
745 1596 827 1677 quod
847 1618 903 1677 pro
915 1619 1041 1677 -magnae
1060 1596 1157 1656 laudis
1177 1595 1287 1674 insigni
1307 1595 1436 1675 parasito
1534 1567 1535 1594 l

291 1699 462 1777 gestabatur
480 1695 552 1756 alios
571 1696 713 1756 edacitate
733 1698 882 1776 superanti
893 1719 903 1769 ;
925 1697 1113 1757 Omnibonus
1132 1697 1170 1754 ab
1191 1695 1267 1754 Ach.
1289 1695 1436 1762 laudatus,
1488 1680 1490 1690 Α

291 1801 343 1880 qui
364 1801 452 1859 mam
471 1819 527 1878 pro
546 1797 724 1878 trcclsedipna
747 1798 907 1878 legendum
929 1801 1053 1878 putabat
1072 1796 1248 1865 riclidimnc,
1272 1797 1436 1866 sudarium,

292 1918 352 1978 quo
365 1898 484 1977 parasiti
497 1897 635 1958 sudantes
650 1897 681 1956 in
696 1897 855 1968 coenaculo,
877 1917 976 1976 quum.
984 1897 1054 1956 vino
1068 1895 1193 1976 ciboque
1206 1895 1366 1974 replentur,
1382 1897 1436 1954 ab·

291 2012 472 2080 sterguntur,
494 2002 536 2082 sic
560 2001 673 2062 dictum
693 2023 711 2060 a
731 2001 785 2058 Gr.
806 2000 893 2070 cletis,
918 2001 1076 2060 sudarium.
1118 1998 1269 2070 Niceteric,
1294 1999 1435 2080 νικητήρια,
1534 2041 1535 2064 ,

290 2100 412 2180 praemia
425 2101 555 2161 victoriae
574 2111 605 2160 et
623 2101 751 2179 insignia
770 2099 917 2180 pugilum.
1001 2099 1107 2159 Collum
1130 2097 1325 2166 eucraticum,
1348 2117 1435 2156 cero-

290 2217 370 2264 mate
395 2214 530 2264 unctum.
581 2203 706 2274 ceroma,
732 2204 849 2284 aiguno,
876 2214 1061 2282 unguentum
1084 2199 1266 2273 athletarum,
1291 2221 1329 2259 ex
1355 2199 1435 2271 oleo,

290 2327 358 2368 cera
378 2306 523 2386 certisque
541 2317 629 2365 terrae
647 2307 782 2385 partibus
802 2306 977 2365 confectum
995 2326 1027 2364 v.
1046 2304 1121 2363 Plin.
1137 2303 1288 2375 XXVIII,
1303 2310 1331 2362 4.
1346 2323 1368 2362 s.
1386 2309 1434 2363 13.
1534 2313 1535 2340 l

290 2407 421 2477 XXXV,
438 2414 484 2466 12.
501 2413 548 2465 18.
562 2404 674 2484 Spanh.
688 2404 727 2464 ud
740 2403 855 2463 Callim.
871 2404 912 2462 H.
927 2404 958 2462 in
973 2403 1044 2463 Pall.
1059 2425 1087 2462 v.
1101 2410 1150 2462 25.
1165 2412 1196 2462 et
1210 2411 1261 2473 29.
1534 2399 1535 2406 '

331 2508 463 2579 69—74.
483 2509 581 2568 Graeci
596 2509 680 2586 (nam
691 2508 731 2567 ad
744 2507 798 2567 bos
811 2507 903 2567 oratio
916 2507 1006 2586 redit)
1024 2527 1061 2566 ex
1075 2508 1212 2566 omnibus
1228 2505 1351 2566 Graecite
1364 2527 1435 2585 par-

289 2613 369 2673 tibus
383 2633 418 2671 ac
429 2612 502 2671 locis
516 2611 641 2670 Romam
653 2610 807 2670 confluunt
821 2621 850 2670 et
864 2609 965 2670 alienia
978 2609 1111 2690 pecuniis
1124 2609 1351 2690 locupletantur.
1385 2611 1432 2669 Cf.

289 2711 328 2770 ad
338 2710 411 2779 VII,
429 2717 467 2772 14
480 2730 540 2789 seq.
610 2710 721 2788 Sicyon,
735 2711 808 2769 urbs
820 2708 942 2769 Achaiae
956 2710 1155 2790 antiquissima
1172 2710 1203 2769 in
1219 2710 1432 2788 Peloponneso,
1534 2704 1535 2751 ἶ

288 2815 331 2871 iri
344 2816 419 2891 Μφοι
430 2813 531 2895 lpupslr,
552 2822 627 2871 teate
647 2812 742 2871 Strab.
758 2812 846 2870 VIII.
861 2831 890 2889 p.
904 2819 971 2872 587.
991 2814 1070 2873 unde
1082 2813 1113 2871 h.
1127 2812 1148 2871 l.
1162 2811 1230 2871 clla.
1240 2812 1263 2849 ¹⁵
1344 2814 1433 2891 Amy·
1534 2806 1535 2831 ¹

289 2915 353 2985 don,
376 2935 446 2994 opp.
469 2913 604 2983 Paeoniae,
626 2911 717 2991 partis
738 2910 930 2982 Macedoniae,
954 2924 1058 2971 notum
1078 2912 1166 2972 etiam
1186 2932 1222 2973 ex
1244 2912 1331 2971 Hom.
1346 2910 1381 2969 Il.
1396 2912 1431 2985 β,

289 3021 358 3084 849.
440 3014 554 3073 Andros
572 3013 627 3071 ius.
648 3012 681 3070 in
699 3011 774 3069 mari
797 3011 900 3090 AEgaeo
917 3032 934 3070 e
949 3010 1136 3091 Cycladibus.
1218 3012 1316 3071 Samos
1328 3010 1382 3069 ins.
1397 3011 1433 3070 in
1534 3030 1535 3063 1

288 3117 363 3178 mari
378 3117 480 3178 Icario.
566 3113 678 3174 Tralles
690 3114 834 3193 oppidum
849 3113 949 3185 Ionias,
969 3116 1040 3193 (sec.
1054 3114 1148 3174 Strub.
1163 3136 1193 3195 p.
1208 3113 1291 3192 648.)
1312 3114 1360 3173 vel
1374 3115 1433 3173 Ca-

288 3218 352 3286 riae,
365 3220 436 3294 (sec
453 3216 530 3276 Plin.
543 3214 582 3285 V,
596 3222 646 3284 29.
659 3224 690 3273 et
705 3213 795 3292 Ptol.)
810 3213 858 3272 vel
871 3212 987 3293 Lydius,
1009 3215 1047 3274 de
1067 3235 1127 3292 quo
1147 3234 1175 3274 v.
1197 3198 1369 3291 Wesseling.
1391 3214 1433 3272 sd

290 3317 419 3377 Hierocl.
432 3338 463 3397 p.
477 3318 547 3389 659.
627 3316 788 3387 Alabanda,
803 3317 873 3375 urbs
884 3317 976 3376 Carioe
990 3316 1142 3387 ditissima,
1154 3318 1239 3397 cujus
1251 3318 1327 3378 cives
1340 3316 1432 3375 luxu·

288 3421 334 3480 ria
353 3419 619 3480 diffluebantw-
633 3428 681 3487 71.
696 3418 832 3499 Esquiliae
854 3440 939 3479 mons
962 3430 993 3481 et
1024 3419 1169 3480 Viminala'r
1191 3420 1269 3479 collis
1289 3440 1343 3499 pro
1366 3430 1432 3480 tcta

240 3543 246 3553 ·
288 3521 373 3584 Urbe
395 3529 556 3598 mnuntur,
579 3531 610 3580 et
630 3520 764 3599 quintam
790 3520 855 3601 ejus
876 3520 1028 3599 regionem
1052 3520 1332 3599 complectebantur,
1361 3542 1431 3600 quae

288 3625 421 3685 omnium
441 3633 504 3682 erat
515 3622 693 3701 amplissima
705 3634 736 3682 et
748 3622 887 3683 latissime
907 3627 1034 3703 patebat
1117 3624 1210 3684 collon
1224 3644 1243 3682 a
1258 3624 1357 3683 umine
1368 3624 1430 3682 dic-

287 3733 353 3793 tum,
374 3746 393 3782 a
412 3721 496 3801 sylva
514 3719 659 3782 viminum
680 3722 727 3781 vel
747 3723 903 3794 viminetis,
925 3724 976 3783 ubi
990 3735 1021 3783 et
1036 3744 1086 3783 ara
1098 3724 1168 3784 Jovi
1181 3723 1313 3783 ⁴Viminio
1326 3744 1430 3785 cona&

287 3835 387 3894 crata3
409 3822 497 3882 Fest.
511 3832 542 3880 et
562 3823 645 3881 Varr.
667 3822 702 3881 L.
720 3822 755 3881 L.
778 3823 831 3895 IV,
854 3829 882 3881 8.
971 3817 1082 3884 Viscera
1102 3842 1268 3902 magnarum
1289 3824 1429 3893 domuum

289 3923 387 3983 Graeci
400 3921 511 4001 ingenio
522 3932 552 3980 et
564 3920 676 3980 artibus
686 3920 746 3980 suis
759 3921 792 3979 in
805 3930 915 3982 secreta
927 3922 1119 4001 intimamque
1132 3922 1309 3981 familiarum
1319 3923 1431 3982 ditissi-

286 4042 402 4083 marum
414 4019 639 4082 familiaritatem
658 4040 689 4090 se
708 4018 898 4092 insinuantes,
919 4032 950 4082 et
969 4021 1009 4081 ita
1029 4021 1133 4081 domini
1140 4020 1242 4101 futuri
1260 4022 1292 4084 in
1312 4022 1429 4083 aedrbua

321 4244 465 4296 '‘Idnemc
482 4246 558 4310 intpp.
576 4246 675 4306 notarit,
693 4254 718 4294 et
733 4244 839 4311 plerique
870 4246 912 4296 tali
929 4246 1008 4298 insula
1025 4264 1144 4315 nusquam
1162 4248 1242 4314 legere
1263 4248 1353 4313 aliquid
1374 4262 1429 4298 me-

290 4310 415 4372 Sicyonem
435 4312 493 4361 ut
513 4313 598 4361 dicunt
616 4328 666 4360 esse
686 4310 791 4359 Insulam
814 4312 839 4359 in
871 4312 938 4363 mini.

288 4374 349 4422 mari
371 4374 458 4439 AEgoeo
475 4390 557 4426 contra
581 4377 741 4440 Epidaurum,
765 4392 838 4440 quam
903 4376 953 4427 ¹'n
968 4380 1044 4429 Strab.
1057 4397 1082 4443 p.
1097 4386 1152 4431 658.
1162 4387 1218 4431 660.
1235 4380 1299 4429 Plin.
1310 4380 1342 4435 V,
1351 4385 1429 4429 caet

287 4442 362 4489 dtcm
388 4454 439 4487 ene
465 4452 489 4489 et
510 4443 653 4491 emicem
678 4440 761 4489 doceat
788 4440 836 4491 Pu·
871 4444 1424 4504 socieN.D.111,15.19.th.de1’ltc.

249 4564 257 4576 .
288 4505 352 4564 ulus,
379 4504 458 4553 nocio
482 4522 533 4569 quo
558 4507 618 4556 loco.
664 4505 786 4571 Equidem
809 4507 839 4556 de
870 4506 1425 4574 des'luser.etB.L.1..'I'.1X.p.lltseq.
