3100 5250
458 448 509 513 IN
530 447 696 515 JUVEN.
721 448 821 515 SAT.
846 449 910 517 111.
1208 454 1253 517 89

26 642 27 655 ’
101 622 187 683 Iocari
208 623 242 683 b.
259 644 288 683 e.
308 622 468 685 redemtori
487 621 643 683 minimum
662 622 794 703 poscenti
812 621 910 684 addici
927 623 1069 693 solebant,
1089 622 1253 705 etquidem

26 718 27 721 ’
100 718 145 779 iIIa
157 720 227 781 fere
243 744 267 783 a
279 721 458 786 Censoribus
476 718 695 801 AEdilibusque,
716 720 781 781 hoec
800 740 819 780 e
837 720 959 799 privatis
979 719 1147 781 bominibus
1157 742 1168 793 3
1189 740 1252 781 oon·

99 818 163 879 duci
177 840 260 883 vero
275 821 325 882 vel
338 820 434 881 redimi
444 821 482 881 ab
495 819 540 889 iis,
555 820 608 899 qui
622 840 656 881 ea
669 820 798 883 curanda
810 820 1015 899 suscipiebant,
1035 832 1066 881 et
1079 820 1253 891 redemtorev,

100 922 303 996 medactum,
323 923 458 1003 meropes
477 926 731 1003 (entrepreneurr)
752 925 940 985 vocabantur.
980 922 1145 993 Publiceni,
1160 922 1254 985 bomi-

98 1044 154 1085 nes
166 1023 328 1097 ditissimi,
341 1023 391 1103 qui
404 1022 578 1103 plerumque
592 1022 716 1103 Equites
728 1034 821 1094 erem,
840 1022 961 1105 publiea
978 1020 1143 1101 vectigalia,
1163 1021 1254 1101 scrip·

99 1134 220 1195 turam,
247 1124 370 1183 decimas
392 1132 423 1181 et
442 1121 616 1201 portorium,
640 1122 834 1194 redimebant,
859 1122 939 1184 unde
959 1120 1138 1202 scripturarii
1159 1140 1181 1180 e
1202 1140 1254 1204 pe·

100 1226 201 1286 cuer-ii
215 1238 249 1287 et
267 1224 420 1291 decumani
440 1224 630 1287 dicebantur:
651 1226 704 1287 sed
727 1226 818 1306 iidem
838 1246 955 1307 quoque
976 1246 1055 1307 sepe
1074 1224 1255 1285 redemtores
1340 1237 1355 1249 '

101 1336 185 1385 eram
199 1325 320 1385 edificii
332 1324 460 1405 alicujus
474 1336 525 1385 sut
545 1325 641 1406 operis
661 1325 784 1405 publici.
867 1324 946 1399 Qut»,
966 1326 1084 1405 quibus,
1098 1322 1193 1403 focile
1212 1332 1254 1384 ert

25 1430 26 1435 ’
105 1438 226 1507 propter
239 1427 368 1499 divitias,
390 1426 538 1499 astutiam,
559 1427 715 1489 blandities
734 1438 765 1489 et
778 1429 864 1489 dona.
944 1424 1192 1497 conducereoedevr
1207 1422 1255 1485 vel

107 1548 232 1599 mmm,
245 1526 294 1587 vei
306 1526 468 1607 publicem,
483 1527 530 1586 vel
544 1526 631 1587 etiam
646 1526 801 1605 privatam,
818 1527 861 1603 (v.
876 1514 1056 1607 Var.‘Lect)
1071 1522 1132 1585 scil.
1145 1522 1254 1583 facien·

109 1625 190 1695 dam,
204 1624 419 1695 annuendam,
432 1625 481 1687 vel
490 1626 687 1696 reficiendam,
701 1638 735 1687 ut
744 1635 845 1705 portur
857 1636 887 1687 et
896 1625 1024 1703 flumine
1037 1644 1076 1685 sc
1092 1622 1254 1705 purgando
1275 1638 1287 1663 ·

112 1726 256 1787 Censores
269 1736 343 1787 seru
355 1726 515 1807 exigebant
527 1736 605 1786 tecta
619 1736 751 1807 et'opera
768 1724 861 1785 locata
873 1725 1046 1804 probabant
1117 1722 1254 1802 flumina,

109 1824 208 1887 alveos
228 1824 395 1897 fluminum,
414 1826 491 1904 inpr.
514 1824 639 1895 Tiberis,
659 1824 850 1905 purgandos:
870 1822 927 1883 nisi
940 1822 1006 1883 haec
1018 1842 1077 1882 vor
1091 1832 1204 1901 spectat
1217 1820 1255 1880 ed

110 1923 302 2003 pismtionem
319 1924 366 1985 vel
385 1944 426 1985 aes
445 1922 642 2003 piscatorium,
664 1922 775 2003 dequo
789 1944 816 1983 v.
831 1922 908 1985 Feet
951 1922 1256 1983 Sicetlacueecen-
1363 1920 1368 1927 '

112 2026 223 2089 robus
236 2026 328 2087 looeri
343 2025 477 2087 solebant
489 2036 610 2107 propter
623 2024 823 2107 piscationem,
845 2025 896 2106 qui
916 2025 1031 2087 fructus
1045 2044 1146 2087 eorum
1159 2035 1212 2085 est
1226 2044 1255 2083 v.
1332 2066 1337 2079 .

114 2129 211 2191 Burm
229 2130 268 2191 de
281 2129 390 2211 vectig.
406 2148 476 2209 pop.
491 2130 577 2191 Rom.
592 2149 617 2189 c.
634 2136 660 2189 1.
673 2149 703 2208 p.
720 2136 766 2189 10.
855 2139 953 2209 porros
964 2128 1113 2191 faciendos
1127 2126 1175 2189 vel
1188 2128 1255 2188 red·

118 2226 235 2289 ciendos
247 2228 296 2289 vel
308 2227 495 2307 purgandos:
519 2226 576 2287 nisi
590 2246 692 2307 capere
706 2225 791 2289 malis
805 2226 843 2286 de
858 2226 993 2307 portorio,
1008 2226 1155 2305 vectigali,
1176 2224 1257 2306 quod

119 2346 158 2385 ex
172 2326 317 2405 pmtubus
328 2326 416 2387 Iube
430 2336 461 2387 et
474 2326 690 2407 provinciarum
708 2325 882 2405 exigebatur
901 2344 958 2405 pro
976 2324 1150 2387 invehendis
1170 2334 1259 2403 utque

120 2424 280 2485 evehendis
292 2424 442 2495 mercibus,
458 2424 598 2505 quodque
612 2424 731 2505 proprie
745 2423 865 2503 vectigal
882 2420 1095 2505 appellabatur.
1115 2441 1142 2480 v.
1157 2422 1260 2483 Burm.
1394 2445 1398 2457 ·

115 2526 136 2584 l.
149 2525 170 2587 1.
185 2546 211 2591 c.
226 2534 255 2587 ⁵.
276 2526 335 2587 Cic
351 2526 433 2589 Verr.
454 2528 521 2589 Act.
539 2527 581 2599 II,
596 2534 626 2598 2,
641 2534 690 2593 70.
707 2532 756 2593 74.
779 2525 840 2597 III,
856 2532 884 2594 7.
897 2562 939 2575 -
952 2532 1002 2589 32.
1017 2524 1187 2586 Siocondom
1200 2525 1259 2587 elu-

118 2630 187 2692 nievv
200 2631 353 2700 cosdroae,
367 2629 396 2690 h.
411 2651 437 2691 e.
452 2630 574 2702 cloacas,
594 2650 718 2710 quarum
733 2649 804 2692 eure
816 2629 885 2690 olim
900 2629 938 2690 ed
953 2629 1103 2700 Censores,
1116 2639 1146 2688 et
1158 2640 1261 2708 postes

118 2729 174 2790 sub
187 2728 412 2810 rmpsroorrsus
424 2727 464 2788 sd
477 2729 632 2790 Curatores
652 2726 828 2808 pertinebat,
848 2725 1018 2808 purgandus
1037 2721 1069 2790 e‘t
1088 2726 1260 2788 reficiendas

119 2831 265 2894 redimere·
286 2849 314 2890 v.
330 2831 433 2890 Burm.
447 2829 467 2888 L
481 2829 501 2890 l.
516 2850 542 2892 c.
559 2839 606 2890 11.
626 2849 656 2908 p.
674 2837 740 2902 198.
754 2829 909 2891 -Verba
925 2829 1098 2910 portandum
1118 2829 1158 2890 od
1177 2829 1260 2890 bvsto

117 2932 235 2992 cadaver
247 2941 328 2992 recte
340 2929 511 2990 referuntrrr
523 2928 563 2990 nd
576 2929 752 3010 redemtores
765 2929 915 2998 sumerum,
935 2928 1156 3008 (designatores,
1176 2926 1261 2986 libiti-

117 3032 209 3092 sorios
208 3037 230 3108 )
247 3032 301 3112 qni
321 3033 355 3091 in
374 3030 486 3112 templo
505 3030 645 3092 Libitinae
664 3041 839 3112 apparatum
851 3031 1058 3110 exsequiarum
1076 3028 1262 3090 vendebant:

116 3131 276 3212 dequibus
289 3150 319 3190 v.
335 3127 507 3192 Kirobman.
526 3129 565 3190 de
584 3129 647 3190 Inn
673 3131 756 3190 Rom.
781 3128 807 3202 I,
828 3137 857 3198 9.
877 3149 908 3208 p.
924 3135 962 3190 58
978 3147 1040 3208 seq.
1053 3159 1095 3176 -
1108 3131 1157 3186 33.
1171 3124 1265 3186 Hunc

117 3254 235 3296 versum
246 3232 338 3294 multi
356 3233 489 3294 referunt
508 3231 547 3292 ed
566 3229 660 3312 cupito
680 3249 841 3298 servorum,
853 3250 922 3311 quae
941 3228 1057 3289 venal‘u
1076 3225 1265 3308 exposuerint

120 3339 256 3400 Artorius
268 3347 303 3398 et
314 3335 459 3398 Comlus:
481 3353 548 3416 quae
561 3333 720 3414 negotiatio
733 3332 915 3396 vendideris
925 3331 1087 3392 admodum
1099 3342 1265 3412 questuosa

124 3451 194 3500 erat.
230 3439 338 3513 Quum
350 3458 423 3499 vero
435 3437 473 3498 de
485 3436 655 3498 hominibus
670 3435 836 3504 ditioribus,
845 3433 898 3514 qui
911 3431 1066 3516 vectigalis
1077 3432 1266 3502 redemerint,

125 3542 158 3602 b.
171 3541 193 3600 I.
205 3561 297 3602 sermo
309 3541 368 3614 sit;
386 3539 562 3602 crediderim
574 3539 621 3600 bis
632 3539 730 3600 verbis
743 3557 805 3598 non
814 3537 893 3616 ipsos
905 3556 1064 3618 mangones
1077 3557 1100 3599 s.
1115 3535 1266 3598 venalitio·

128 3643 192 3704 rios
203 3643 353 3722 den‘gnari,
373 3641 427 3704 sed
439 3641 618 3704 redemtores
636 3639 885 3720 uectigaliorum
899 3639 1045 3710 venalium,
1065 3640 1147 3720 quod
1166 3639 1267 3720 exige-

130 3747 223 3806 bstnr
241 3765 294 3824 pro
311 3747 407 3816 rebus,
429 3766 496 3825 quse
515 3744 547 3804 in
567 3745 631 3806 foro
653 3746 727 3822 (non
748 3763 816 3822 quse
834 3741 919 3822 alibi)
938 3741 985 3806 vel
1005 3743 1060 3806 sub
1080 3742 1171 3816 toea,
1191 3743 1269 3823 pub-

129 3848 193 3910 lioe
204 3846 307 3928 posita,
319 3848 431 3910 vastes
445 3858 538 3920 erant,
560 3867 620 3927 quo
639 3845 790 3926 precipue
808 3845 993 3924 pertinebant
1012 3845 1160 3924 mancipia
1172 3865 1195 3905 s
1210 3863 1269 3904 ser·

130 3951 177 4022 vi,
192 3949 244 4029 qui
256 3950 367 4030 proprie
379 3949 493 4014 males
505 3971 526 4012 s.
540 3947 665 4010 oenolitb'
679 3949 858 4009 vocabantur
875 3957 906 4007 et
917 3949 1125 4010 coemebantur
1144 3965 1163 4004 e
1181 3964 1270 4008 vene·

126 4051 256 4125 btiwib,
276 4065 309 4114 ut
326 4053 435 4116 iterum
454 4073 504 4116 eos
524 4051 693 4116 venderent
734 4050 891 4130 Augustus
910 4070 1004 4130 quum
1026 4048 1153 4130 pecunie
1172 4059 1272 4128 egeret

124 4150 166 4214 ed
181 4149 257 4212 belh
270 4163 301 4212 et
317 4163 477 4212 nocturnos
499 4149 602 4230 vigiles
622 4147 750 4218 alendos,
769 4147 897 4227 vectigal
916 4145 1150 4230 quinquagesimo
1168 4145 1273 4207 monci·

122 4249 237 4330 piorem
251 4249 390 4308 urnulam
404 4248 540 4319 institnit,
563 4259 636 4310 teste
650 4247 747 4308 Dione
761 4248 840 4307 Casa
855 4246 919 4305 LV.
934 4257 1007 4306 extr.
1031 4245 1162 4320 'Quinta
1180 4257 1211 4306 et
1229 4246 1274 4306 vi·

127 4352 236 4413 oeeirm
250 4351 466 4431 mancipiorum
481 4350 638 4423 venalium,
653 4350 738 4428 cujus
751 4349 823 4411 Tac.
838 4351 918 4410 Anu.
933 4348 1024 4419 XIII,
1036 4354 1083 4412 81.
1095 4350 1273 4412 mentionem
1357 4345 1361 4355 '

660 4448 707 4496 FS
