3100 5250
474 450 525 516 ιιι
547 447 710 515 Juvnu.
735 445 834 514 aar.
858 410 916 510 vi.
1195 444 1258 506 aaa

163 631 239 685 aaa.
262 623 409 694 maara
429 621 487 680 ua
506 619 662 680 mutarum
676 618 754 689 viai,
779 620 848 676 suat
860 622 1079 696 pamm..
1095 616 1261 682 aaa-199.
1364 573 1370 591 ’

118 725 219 787 Ridet
239 737 331 806 poeta
344 723 495 784 stultitiam
514 721 698 790 feminarum,
720 739 787 797 quae
798 728 864 776 tum
875 713 1015 794 temporie
1023 714 1201 773 Graecorum
1215 714 1264 790 (ut

119 821 215 881 bodie
242 821 440 898 Francorum)
463 837 624 878 sermonem
644 833 797 893 moresque
816 813 994 872 affectabant.
1036 811 1120 870 Cani.
1141 811 1202 882 ΙΙΙ,
1223 816 1261 870 58

118 931 243 984 -125.
343 919 491 990 rancidim,
524 917 668 996 ingratius
699 917 746 976 vel
773 915 913 995 putidius.
968 914 1046 972 Nam
1071 913 1199 983 rancido,
1228 923 1265 974 ut

118 1031 232 1110 magu,
254 1045 356 1106 propr.
379 1024 515 1084 dicuntur
541 1021 656 1091 cibaria,
681 1019 789 1091 oleum,
818 1037 918 1078 cumea
939 1015 1063 1095 aliaeque
1082 1035 1130 1075 rea
1151 1015 1264 1075 diutina

120 1132 297 1192 daemtae
316 1139 346 1189 et
364 1136 523 1204 corruptae5
547 1123 617 1184 hinc
637 1123 724 1183 etiam
743 1141 790 1182 rea
809 1114 954 1180 deformes
980 1131 1010 1179 et
1036 1119 1168 1198 ingrata,
1195 1138 1263 1196 quaa

119 1235 254 1296 fastidio
281 1241 357 1300 aunt,
386 1228 433 1288 vel
460 1227 577 1306 ineptae,
608 1237 709 1304 turpes
734 1243 769 1283 ac
795 1222 924 1282 malae.⁶¹
946 1254 990 1270 ·-
1014 1220 1079 1281 186.
1094 1221 1263 1292 Formosam,

120 1337 197 1398 satia
221 1346 373 1396 venustam
393 1343 483 1408 atque
508 1327 670 1394 delicatam,
699 1325 860 1386 secundum
890 1343 985 1385 morea
1008 1323 1187 1403 geniumque
1209 1344 1264 1384 ιω·

122 1433 195 1496 culi.
282 1431 379 1504 Taceo
398 1437 429 1486 et
448 1423 635 1484 Sulmoaensis
645 1443 700 1502 pro
715 1422 846 1482 Romana
857 1433 888 1481 et
901 1420 1012 1490 Italica,
1025 1421 1073 1481 vel
1084 1419 1263 1499 provinciali.

125 1532 227 1594 Salam
240 1527 433 1608 Pelignorum
446 1543 525 1603 opp,
537 1522 632 1602 patria
642 1520 751 1580 Ovidii.
773 1521 819 1584 cf.
833 1519 872 1580 ad
881 1519 932 1584 sil.
946 1518 1037 1593 vlit,
1052 1525 1121 1579 510.
1184 1518 1264 1579 Groe·

128 1635 206 1706 cala,
227 1653 254 1692 v.
273 1631 312 1690 ad
327 1630 389 1702 ΙΙΙ,
404 1635 453 1689 58.
467 1663 508 1676 -
524 1632 590 1692 187.
604 1643 688 1694 mm,
708 1643 792 1703 pura,
812 1642 882 1683 vera
900 1631 1027 1691 natata,
1049 1620 1188 1701 Cecropia,
1208 1623 1264 1684 At·

129 1739 191 1798 tica
203 1757 226 1798 a.
241 1731 448 1794 Atheniensis:
470 1725 539 1790 nim
553 1728 679 1805 Cecrope
691 1725 875 1786 Athenarum
888 1723 1021 1786 coralitor
1033 1723 1204 1802 primusque
1213 1743 1265 1786 rex

127 1837 187 1896 fuit
195 1857 208 1906 ;
227 1833 319 1912 bujua
339 1840 440 1890 autem
459 1825 539 1886 urbis
558 1822 661 1884 incolae
674 1822 838 1883 urbanitate
850 1833 880 1881 et
893 1820 1036 1899 elegantia
1049 1821 1190 1881 aermonia
1201 1842 1265 1882 mo·

127 1951 256 2012 rumque
269 1928 374 1990 ueteris
387 1921 597 1986 antecellebant
611 1921 730 1982 Graecia.
759 1918 860 1981 Omnia
871 1918 968 1978 (ἔναυε
980 1919 1030 1998 (ut
1038 1918 1126 1978 bodie
1136 1917 1264 2000 Gallice)

128 2031 302 2112 exprimunt
321 2037 351 2086 et
370 2024 533 2102 loquuntur
552 2018 687 2080 mulieres
706 2025 817 2087 nostre,
836 2035 919 2095 qaam
936 2027 1034 2075 tamen
1046 2016 1158 2094 turpius
1169 2015 1207 2075 ait
1218 2016 1265 2088 iia,

130 2134 242 2196 κει-ἑτι
257 2131 362 2190 laniae.
405 2109 569 2202 Grangoeu's
582 2121 671 2180 verba
683 2140 711 2179 v.
729 2125 795 2178 188.
815 2136 869 2196 per
886 2116 1072 2194 patentbeain
1091 2137 1152 2176 non
1171 2117 1266 2178 colum

136 2237 169 2294 in
183 2231 314 2298 feminae,
335 2225 384 2288 red
397 2225 428 2283 in
442 2241 542 2284 omues
556 2219 710 2288 Romnum
731 2216 861 2294 patrium
874 2205 1037 2274 aermonem
1050 2223 1267 2274 contamnmtea

139 2327 375 2406 nenegligentia,
390 2322 469 2382 dicta
483 2327 576 2399 putat,
597 2327 628 2376 et
641 2315 754 2376 confert
771 2315 862 2372 verba
874 2311 935 2371 Cic.
948 2311 1032 2370 Brut.
1045 2331 1071 2370 c.
1085 2318 1133 2378 87.
1167 2310 1268 2390 Ipeam

136 2427 244 2488 Latine
258 2425 338 2504 hqua}
357 2429 396 2480 eal
410 2419 480 2480 illud
492 2417 599 2498 quidem
613 2414 643 2474 ia
656 2432 759 2492 magna
779 2411 864 2470 hade
878 2409 1034 2488 ponendam
1043 2429 1058 2475 ‚·
1080 2409 1131 2468 aed
1143 2418 1268 2469 nontam

133 2532 306 2604 mapoale,
320 2517 487 2602 qaam-quod
499 2525 540 2576 eal
553 2535 574 2588 o
589 2513 731 2597 plerisque
744 2510 903 2590 neglectam.
923 2529 977 2568 uon
989 2508 1062 2567 caim
1073 2516 1132 2566 tara
1144 2506 1268 2587 praeh-

135 2652 199 2689 ram
216 2636 257 2687 aa
277 2626 349 2686 scire
369 2621 480 2691 Ιαίἰηι,
500 2638 581 2700 quum
601 2625 682 2699 turpe
701 2612 826 2675 metire:
848 2634 934 2693 neque
952 2619 1008 2670 iam
1026 2609 1059 2669 id
1069 2609 1138 2670 neti
1149 2609 1269 2671 oraim&

137 2729 211 2799 buti,
225 2747 304 2808 quma
317 2724 387 2785 civis
400 2718 519 2781 Romanii
530 2715 677 2797 propaa'um
689 2712 805 2773 videtur.
839 2712 922 2771 Cont'.
937 2722 1035 2771 tamen
1049 2710 1172 2771 Excute.
1185 2710 1225 2769 ad
1236 2709 1267 2768 b.

111 2832 157 2892 Ἰ.
176 2840 239 2902 189.
281 2828 356 2898 Hoc,
377 2825 490 2893 Graecc,
510 2838 632 2881 sermone
647 2824 752 2897 pauent
770 2814 801 2874 h.
815 2834 840 2873 e.
860 2832 999 2892 pavorem
1018 2811 1268 2891 exprimuntreli-

134 2949 267 3011 quoeqoe
280 2923 371 2985 animi
386 2922 502 2981 affectus
516 2928 546 2977 et
559 2934 666 2976 aenaua
711 2918 778 2982 190.
792 2908 947 2989 ffaadant
955 2906 1119 2987 proferamt,
1128 2904 1269 2975 indicant,

132 3032 208 3109 inpr.
224 3048 270 3098 ea,
292 3046 361 3105 quae
381 3032 449 3081 ante
467 3018 652 3084 reticuerant,
672 3022 724 3071 aut
743 3032 810 3090 quoe
828 3008 978 3069 reticenda
995 3015 1097 3075 erant3
1118 3003 1171 3083 qui
1187 3003 1270 3063 verbi

133 3126 317 3205 significatus
329 3121 360 3179 h.
374 3118 394 3176 l.
409 3115 583 3197 aptissimus.
667 3108 742 3177 Quid
754 3107 831 3165 altro
844 3124 885 3166 ac.
897 3104 1015 3172 sacient,
1035 3099 1083 3159 vel
1095 3099 1192 3157 facere
1203 3116 1272 3176 poa·

133 3226 215 3285 sint?
235 3220 312 3301 quid
326 3218 403 3278 ultra
417 3226 471 3284 eat,
493 3232 552 3290 quo
563 3206 701 3289 progredi
714 3204 806 3285 poeait
819 3202 908 3261 stuba
921 3200 1092 3294 Graecorum
1106 3194 1229 3255 imitan'o
1240 3204 1271 3254 et

136 3320 311 3381 emulatio?
339 3318 469 3376 Venusto
482 3331 538 3391 pro
551 3306 645 3385 simpl.
659 3306 759 3373 immo,
774 3301 846 3380 quin
858 3300 942 3366 adeo,
958 3296 1006 3355 vel
1020 3295 1100 3374 quod
1113 3292 1273 3373 pessimum

137 3436 185 3505 cst
197 3434 226 3482 et
237 3418 447 3501 turpissimum.
494 3420 562 3483 191.
583 3406 767 3469 Concumbaal
785 3403 891 3470 Gracc,
900 3382 904 3389 ⁹
913 3400 1018 3458 Graeco
1031 3417 1131 3469 more;
1153 3396 1272 3455 Graecoa

142 3544 205 3584 non
217 3526 248 3582 iu
261 3540 389 3582 sermone
402 3528 526 3585 tautum,
547 3512 599 3599 aed
612 3512 644 3569 in
661 3508 809 3576 omnibus,
825 3502 913 3563 etiam
933 3499 1078 3581 turpibus,
1097 3498 1272 3559 amnentur

142 3629 246 3695 rebus,
267 3636 295 3683 et
307 3625 336 3683 in
347 3622 394 3681 his
410 3637 527 3699 quoque
547 3604 649 3692 lingua
663 3628 764 3669 eorum
777 3617 909 3667 utuntur.
988 3603 1094 3674 Dones,
1115 3601 1280 3671 condones„

139 3722 332 3786 condonanda
345 3732 415 3783 aunt
427 3731 457 3779 et
470 3713 643 3778 excusanda
687 3708 754 3779 192.
771 3713 837 3777 193.
852 3707 894 3765 At
907 3704 974 3783 quia
987 3702 1164 3787 condonabit
1175 3700 1208 3759 id
1221 3720 1272 3759 ve·

140 3822 240 3883 tulin?
314 3819 425 3887 Putat,
447 3813 591 3883 sollicitat,
612 3819 708 3879 vexat,
728 3804 775 3865 vel
795 3803 935 3863 debilitat.
977 3802 1026 3861 Sic
1038 3807 1161 3879 aeacctm
1177 3796 1273 3877 palent

135 3946 190 4005 ap.
206 3923 303 3986 Sidon
318 3920 418 4001 Apoll.
433 3917 529 3997 Epist.
544 3916 580 3984 V,
595 3922 623 3983 9.
645 3922 675 3971 et
694 3912 791 3969 Carm.
806 3906 848 3965 11.
889 3903 1028 3964 Similiter
1048 3908 1169 3982 quatere,
1190 3917 1274 3977 qaae-

133 4046 212 4094 aare,
220 4022 321 4104 scrire
334 4032 389 4083 cet.
419 4018 464 4079 Cf.
479 4014 578 4075 Barth.
592 4012 631 4071 ad
645 4012 716 4070 Stat.
732 4007 826 4067 Theb.
842 4004 896 4074 IV,
911 4011 979 4071 477.
1070 4000 1162 4058 adhuc
1178 3998 1275 4059 (ἔπεσι

132 4149 174 4190 sc.
188 4126 330 4206 loqueris,
351 4123 399 4183 vel
419 4120 502 4200 loqui
520 4117 659 4179 affectas?
727 4110 730 4117 '
736 4109 866 4190 pudicas,
880 4107 1029 4175 honestus,
1044 4104 1096 4183 qui
1111 4102 1238 4162 vetulam
1251 4124 1274 4163 a.

163 4376 182 4408 ¹¹
202 4374 278 4425 cont.
302 4375 353 4429 xl,
374 4378 427 4421 135.
454 4372 555 4419 Cuaaub.
575 4366 605 4415 ad
630 4362 695 4413 Paua.
726 4356 999 4411 otJaobsadAomot.
1016 4352 1125 4405 Gt.Vcl.
1142 4322 1274 4402 11.1’.1l.

132 4443 156 4502 l,
174 4448 216 4492 33.
239 4440 324 4492 flud-
343 4437 372 4487 atl
393 4438 457 4487 l’lin.
475 4434 569 4491 xxlt,
586 4437 618 4479 22
634 4442 693 4479 extr.
726 4444 749 4489 p·
764 4432 819 4476 506.

348 4522 365 4564 2
841 4540 845 4555 Ι
890 4517 893 4519 ,
