3100 5250
478 491 529 559 IN
551 492 715 561 JUVEN.
742 495 841 564 SAT.
869 498 913 561 X.
1205 508 1273 568 423

127 685 248 738 svaros;
270 667 381 748 Grsng.
425 669 537 750 lteque,
552 691 619 749 quae
632 672 702 731 olim
715 669 827 751 effossa
842 683 905 733 erst
918 673 948 730 in
961 671 1058 731 localia
1077 683 1267 753 patronorum
1312 702 1314 706 ·

122 776 153 826 et
165 785 257 845 parce
269 769 308 828 sb
322 769 357 830 iis
370 769 438 830 deta
451 781 495 831 est
508 770 672 831 clientibus.
686 771 710 809 ¹³

164 877 213 937 47.
239 871 320 931 Tune
332 874 481 952 temporis,
496 873 545 933 illa
559 883 652 944 aetate,
667 895 727 953 qua
740 893 855 934 summa
867 885 931 934 eret
949 893 1066 935 morum
1086 876 1266 957 simplicitas,

122 989 182 1030 non
195 981 278 1032 tauta
290 973 403 1033 vanitas
416 975 648 1054 magnificentiae.
662 969 695 1012 ¹*
749 975 854 1034 inuenit
867 995 907 1034 sc.
916 975 1113 1037 Democritus.
1142 979 1187 1041 cf.
1199 1001 1265 1060 sup.

124 1089 153 1128 v.
166 1078 209 1131 28
222 1093 280 1151 seq.
293 1107 335 1122 -
354 1079 393 1132 48
408 1091 470 1153 seq.
484 1074 682 1145 Democritus,
697 1073 908 1146 Abderitanae,
922 1075 1057 1155 exemplo
1070 1087 1124 1148 est,
1148 1077 1265 1140 marmor

126 1174 206 1234 uiros
214 1183 241 1234 et
251 1194 350 1254 neges
364 1177 488 1256 eampis
502 1177 625 1246 daturos,
641 1175 692 1256 qui
706 1177 771 1236 eliis
785 1177 921 1256 exemplo
936 1200 998 1239 esse
1010 1191 1143 1258 possunt,
1157 1182 1265 1241 eximia

122 1276 250 1354 ingenis,
265 1276 380 1354 (Germ.
392 1271 623 1358 originolgersier)
638 1278 717 1338 nosci
737 1279 863 1358 possein
888 1280 1023 1351 Thracia,
1046 1281 1146 1361 putria
1170 1304 1265 1344 ceme-

120 1393 191 1444 esra,
206 1375 392 1455 stupidorum
405 1376 568 1450 hominum,
595 1380 644 1456 (ut
665 1387 800 1437 noenum
818 1377 933 1457 selrb‘pr)
958 1388 984 1438 et
1008 1379 1058 1438 rub
1083 1401 1179 1440 crosso
1198 1386 1264 1442 a’e'rs

121 1475 266 1549 lbracioe,
279 1489 314 1538 ut
326 1497 373 1557 sp.
388 1475 492 1540 Horat·
508 1479 602 1558 Epist
619 1479 661 1549 11,
687 1488 714 1550 l,
737 1487 808 1540 244.
830 1478 957 1538 Beatum
978 1480 1009 1539 iss
1031 1502 1126 1542 everso
1136 1485 1259 1560 jurares

120 1579 184 1635 aire
196 1585 304 1636 natam
346 1579 424 1640 Nem
437 1579 543 1651 Boeoti,
557 1599 642 1658 aeque
662 1599 697 1640 sc
716 1578 848 1638 'I'lrraoes
866 1588 898 1640 et
920 1579 952 1638 in
975 1579 1078 1659 primis
1102 1581 1263 1656 Abderitae,

122 1679 231 1758 stupidi
245 1679 438 1754 habebantur,
453 1682 532 1764 quod
544 1693 646 1742 notum
662 1691 706 1742 est
719 1701 756 1742 es
770 1672 918 1741 Wielsndi
935 1681 1088 1744 Abderitis
1102 1684 1262 1768 multisque

121 1779 282 1856 proverbiis
295 1779 392 1842 locum
406 1781 499 1842 dedit.
509 1783 532 1820 ¹⁵

154 1885 203 1939 52.
219 1887 272 1941 53.
294 1882 464 1954 Fortunam,
479 1905 568 1963 quem
582 1894 626 1944 tot
638 1883 771 1943 homines
786 1882 888 1943 colunt
906 1893 937 1943 et
957 1885 1042 1965 cujus
1063 1887 1124 1946 vim
1143 1887 1258 1961 timent,

115 1985 322 2044 contemnebat
335 1995 374 2058 et,
389 1987 413 2045 si
429 1985 476 2044 vel
489 1986 567 2045 msla
586 1986 643 2064 ipsi
662 1985 768 2044 minori
789 1985 947 2056 videretur,
968 1988 1117 2059 irridebat,
1138 2001 1173 2052 ut
1194 2013 1262 2070 quoe

115 2100 215 2176 uocem
231 2102 294 2144 non
306 2095 406 2162 posset
419 2084 543 2162 sapienti
557 2095 695 2161 recteque
716 2081 836 2142 viventi.
879 2083 1018 2146 Summus
1037 2087 1067 2144 h.
1088 2088 1109 2146 1
1129 2091 1260 2151 oontem-

115 2193 157 2240 tus
167 2181 292 2261 duplici
305 2181 432 2241 diutione
445 2181 622 2261 proverbiali
647 2180 830 2260 exprimitur.
873 2182 952 2241 Nam
972 2184 1101 2264 lapsum
1113 2189 1261 2248 'memore

116 2296 141 2344 et
150 2285 335 2366 suspendium
357 2285 407 2364 (ut
418 2305 466 2364 sp.
483 2284 574 2364 Apul.
589 2285 662 2346 Met⁴
678 2283 733 2343 lX.
747 2291 778 2363 p,
792 2291 863 2354 234,
881 2292 927 2344 12.
942 2285 989 2345 ecl.
1004 2286 1140 2347 Elmenh.
1159 2300 1260 2372 potens

106 2383 219 2460 juvenis
234 2383 277 2442 od
290 2383 592 2474 estremomimmsiam
616 2402 710 2444 secors
733 2384 909 2464 suspendium
933 2405 993 2445 rere
1017 2385 1124 2466 legibus
1144 2396 1172 2448 et
1190 2390 1262 2468 ipsis

111 2482 248 2562 perperis
260 2481 360 2541 andeis
373 2502 408 2541 ac
417 2483 674 2562 propagentur-ibor
686 2483 830 2554 mandore,
844 2484 875 2541 h.
899 2503 925 2542 e.
950 2504 999 2544 eos
1023 2497 1210 2548 contemnere
1230 2500 1262 2551 et

113 2580 256 2651 irridem3
274 2580 467 2661 proelomans)
481 2579 569 2641 alicui
583 2579 700 2651 dicitur,
714 2579 766 2660 qui
780 2600 849 2641 eum
866 2581 1045 2661 usqueadeo
1065 2582 1199 2663 despicit,
1214 2599 1258 2657 ut,

112 2684 136 2742 si
150 2684 203 2743 vel
215 2684 319 2763 laqueo
332 2684 492 2764 suspendat
505 2704 546 2754 se,
560 2684 593 2742 id
606 2683 681 2742 nihil
695 2694 788 2754 curet,
803 2683 851 2743 vel
865 2704 933 2743 eum
953 2684 1034 2744 ubire
1049 2685 1157 2765 jubeat
1177 2701 1208 2758 et
1228 2710 1260 2751 se

115 2786 301 2865 suspendere.
343 2788 418 2865 (Hic
431 2787 529 2847 dicere
543 2787 617 2847 solet
637 2786 730 2845 restim
750 2806 819 2869 eope
841 2795 868 2846 et
889 2788 1025 2866 suspende
1046 2780 1081 2860 te,
1107 2802 1141 2851 ut
1162 2792 1258 2854 Plane

116 2890 199 2947 Pers.
216 2888 251 2960 V,
265 2897 291 2959 2,
306 2898 353 2949 84.
367 2902 398 2949 et
411 2911 464 2949 nos
475 2891 530 2969 geli
543 2908 604 2947 zum
619 2888 741 2948 douln!
763 2890 844 2948 unde
866 2910 912 2948 res
931 2890 971 2947 od
993 2890 1088 2949 restim
1109 2893 1193 2953 rediit
1213 2916 1260 2974 ap.

113 2992 140 3051 T
141 3002 234 3052 erent.
251 2990 368 3052 Phorm.
382 2993 421 3066 V,
435 2998 465 3063 4,
480 2994 523 3070 4.)
538 2990 632 3053 Aliud
654 3011 724 3052 vero
744 2990 888 3053 indicium
908 3003 1083 3065 contemtus,
1104 2994 1257 3056 derisionis
1274 3060 1278 3063 ,

144 3198 162 3231 ¹⁸
179 3192 223 3247 'Au
233 3202 323 3265 defosso
334 3199 492 3258 cellentibus,
504 3198 547 3263 qui
563 3198 663 3248 amiciti·
695 3199 736 3259 tis,
747 3199 790 3263 qui
800 3198 913 3258 affirmet,
922 3198 1028 3248 suimsm
1039 3199 1072 3249 ibi
1083 3214 1135 3247 esse
1151 3200 1255 3262 pruden-

114 3280 150 3313 am
162 3264 265 3314 divitum
284 3274 410 3322 sectantur,
427 3274 455 3315 ut
473 3265 587 3329 colligent
597 3281 663 3327 spor·
696 3264 788 3321 riorem,
800 3264 843 3313 ubi
853 3279 894 3312 ser
910 3267 941 3312 sit
957 3264 1048 3320 siccior,
1063 3273 1092 3312 ut
1101 3265 1211 3324 Athenis,
1230 3278 1255 3316 et

115 3331 176 3377 tulus
186 3328 264 3393 iisque
274 3331 393 3393 marsupia
404 3344 447 3379 sus
457 3329 591 3391 impleant?
603 3338 606 3343 '
625 3330 664 3379 Sic
695 3330 848 3385 hebetiorem,
857 3328 899 3377 ubi
912 3329 1010 3376 cressiur
1020 3328 1051 3376 sit
1059 3344 1107 3386 ser,
1115 3339 1144 3378 ut
1154 3319 1250 3379 Thebis.

120 3395 208 3443 Rabrdt
237 3395 357 3444 reddidit:
388 3398 533 3459 brigesteclete
554 3398 662 3458 morteto.
699 3393 854 3443 Herminius:
886 3401 901 3424 ‘¹
927 3394 1012 3451 Recte,
1038 3393 1124 3458 iuquit,
1152 3396 1252 3445 Curtius

122 3458 168 3508 Sed
185 3476 228 3509 rus
241 3463 330 3527 dq'ossc
347 3460 405 3509 huic
421 3460 506 3509 rationi
518 3460 598 3508 minus
608 3475 664 3509 con·
697 3462 804 3507 observat
823 3456 904 3516 Vill,
924 3465 947 3508 9.
961 3457 1022 3524 Ι(ιιΙ)ἰ
1043 3474 1066 3505 v.
1089 3458 1250 3523 Freinsbem.)

119 3526 189 3573 venit.
698 3525 793 3587 ingenia
820 3524 942 3573 laminam
969 3525 1054 3588 alipes
1068 3524 1178 3590 formeri
1201 3528 1251 3576 situ

149 3588 167 3621 ¹¹
183 3592 264 3649 Quum
278 3594 337 3649 brec,
348 3608 403 3657 ques
415 3592 439 3639 in
450 3590 515 3641 Urbe
526 3590 596 3648 dunt,
608 3604 662 3639 ncc-
695 3592 809 3638 beorum.
855 3588 929 3637 Retio
947 3588 972 3636 in
991 3603 1094 3649 promtu.
1132 3593 1190 3645 Aer,
1206 3590 1249 3653 qui

117 3655 173 3703 dum
185 3668 263 3705 esseut
274 3668 372 3719 reperte,
384 3658 400 3705 i.
420 3674 440 3705 e.
461 3658 537 3721 major
554 3656 663 3704 severiter
695 3652 909 3716 omnisperspirst‚
921 3654 1249 3717 vsriesebebetprorstinne

114 3732 137 3768 et
147 3722 225 3770 minor
235 3722 326 3771 venires
337 3733 413 3781 esset;
433 3722 509 3771 Schol.
695 3718 827 3777 climatum.
864 3720 962 3769 Certum
979 3731 1089 3779 vesoces,
1100 3719 1249 3769 sibriliorem

145 3786 162 3817 ¹³
179 3788 220 3835 Sic
230 3792 326 3838 Abdera
339 3788 389 3837 Cic.
403 3787 434 3836 ad
446 3788 499 3836 Att·
514 3787 561 3843 IV,
575 3791 612 3835 16.
629 3785 664 3833 di·
697 3799 774 3832 aerem
786 3783 891 3845 multum
901 3784 1009 3833 conferre
1018 3784 1049 3833 ad
1060 3784 1156 3847 spiritus
1172 3783 1246 3830 subti-

113 3850 173 3899 titur
188 3854 266 3901 Roma
277 3865 371 3915 propter
389 3862 508 3914 stuporem
520 3861 664 3907 senatorum,
697 3849 773 3905 liores,
785 3850 829 3895 bos
840 3864 895 3896 raro
904 3850 1010 3897 multum
1027 3848 1058 3896 sd
1077 3848 1208 3912 agilitatem
1224 3858 1249 3896 et

114 3920 231 3967 Abderites
244 3919 295 3967 Cic.
314 3920 344 3966 Ν.
359 3918 394 3967 D.
409 3918 430 3974 1,
443 3924 482 3965 25.
517 3915 665 3981 'adingressio
697 3914 728 3963 sd
738 3913 892 3963 subtilitatem
903 3925 1071 3976 conceptuum.
1109 3912 1250 3960 Hincvids·

116 3982 164 4030 :ne
177 3982 207 4031 sd
229 3982 403 4041 An.v11,r.
440 3986 591 4031 Abderitarum
608 3998 668 4047 pec-v
697 3996 730 4037 ss,
750 3979 875 4042 plemsque
895 3979 975 4035 italos.
997 3978 1073 4035 Seres,
1096 3978 1179 4025 Gallos
1192 3981 1246 4027 'cet-

112 4050 251 4111 implebis
271 4048 375 4101 Martial.
397 4049 431 4103 X,
443 4054 483 4097 25.
518 4048 664 4095 Abderitanae
696 4045 835 4115 prepollens
861 4042 958 4107 ingenio
985 4040 1104 4099 Sarmatis,
1139 4042 1247 4101 Hunnis,

111 4130 183 4168 mese
196 4116 289 4162 Abdera
298 4118 390 4177 protero,
403 4115 523 4162 Diomedis
533 4114 594 4172 equi,
611 4112 663 4159 Tei·
697 4110 811 4157 Moschis.
845 4108 1011 4157 Potentissimis
1019 4117 1100 4155 tamen
1111 4108 1163 4155 brec
1177 4122 1249 4156 causa

111 4194 181 4226 orrens
210 4182 309 4237 coherio,
332 4182 436 4229 Beotr'eo
457 4180 532 4233 oreris,
555 4178 664 4225 Meletos
696 4174 801 4222 multum
819 4174 923 4223 varietur
939 4176 970 4221 ab
986 4173 1142 4231 institutione,
1160 4172 1246 4221 educu-

111 4253 208 4292 resonas.
220 4247 279 4307 quid
298 4247 428 4293 Baeticam
446 4253 491 4291 cet
511 4240 664 4289 Britannicus
695 4239 767 4297 tione,
779 4238 857 4297 dicem
873 4239 1005 4298 itineribus,
1024 4237 1119 4286 culture
1133 4237 1246 4299 pertinaci

110 4309 383 4365 mmuhaecdictaesse
398 4324 428 4357 ex
444 4306 566 4356 stomacho
581 4306 607 4351 in
623 4320 663 4352 su·
695 4304 793 4369 ingenii,
805 4303 989 4361 couversatione,
1000 4303 1154 4353 commerciis.
1189 4304 1246 4352 Me-

111 4374 216 4433 peruiam
227 4390 317 4431 eorum,
329 4374 371 4438 qui
381 4374 427 4422 orti
442 4372 559 4439 sanguine
572 4372 662 4419 Romu·
676 4390 680 4407 ·
696 4368 788 4418 simum
799 4386 894 4435 quoque
904 4373 948 4419 bac
958 4370 983 4417 in
994 4385 1020 4417 re
1029 4378 1177 4417 momentum
1188 4384 1247 4417 cou-

111 4454 141 4485 ou
153 4450 244 4487 ceteros
260 4440 435 4497 contemserint,
455 4449 479 4487 et
495 4452 524 4487 ex
546 4434 663 4485 Heracbti
694 4436 741 4483 fert
751 4439 808 4485 bene
818 4454 864 4487 esse
875 4446 968 4493 noram,
980 4434 1044 4500 qnod
1060 4435 1195 4498 psueimimi
1206 4448 1248 4483 es-

112 4505 196 4567 (eriam
217 4505 372 4568 Hippocratis
390 4503 548 4568 abusumque)
569 4513 661 4551 senten·
695 4502 830 4561 pendunt”
875 4546 879 4558 ,

644 4582 723 4633 1)(12
