3100 5250
314 434 371 497 ts·
681 430 1076 499 COMMENTARIUS

305 602 448 672 adultero,
463 601 583 661 fortasse
595 602 633 663 ad
647 604 986 686 maritum'relotypum.
1001 640 1006 647 ·
1027 608 1121 669 Hune
1139 607 1238 684 ipsum
1258 624 1330 665 vero
1349 606 1469 691 appel.

301 700 361 759 lare
374 710 406 760 et
418 700 491 759 adeo
511 701 671 769 enuntiare,
695 702 734 761 ud
755 723 844 780 quem
864 704 1068 765 submitteretur
1087 706 1190 774 Mima,
1211 714 1369 802 non'opus
1390 712 1468 763 erat

303 804 383 881 apud
396 802 543 863 auditores
556 802 604 863 vel
616 802 748 875 lectores,
763 806 872 884 quibus
886 808 937 869 vix
951 810 1043 868 verbo
1056 805 1294 867 commonefactis
1307 805 1340 863 in
1353 824 1387 862 re
1399 822 1464 862 ne-

302 904 375 965 mini
389 926 449 964 nou
463 906 551 965 obvia
570 918 601 967 et
621 919 765 986 presente
787 909 862 969 nibil
881 910 959 971 ultra
978 909 1140 971 dicendum
1158 921 1230 969 erat
1271 907 1462 987 Zelotypum

301 1028 434 1088 suppono
450 1010 589 1070 maritum
603 1030 640 1071 en
653 1031 686 1069 re
705 1012 829 1091 ipsoque
848 1014 940 1073 mimo
960 1024 991 1075 et
1010 1034 1048 1073 ex
1070 1012 1159 1072 variis
1180 1010 1345 1079 ¹Satirarum
1365 1009 1460 1069 locis.

302 1110 419 1171 Scilicet
432 1111 552 1173 lascivis
564 1114 732 1185 mimorum,
748 1117 833 1193 quasi
845 1116 978 1195 legitimo
991 1136 1084 1189 more,
1104 1117 1136 1173 in
1149 1112 1349 1193 exprimendis
1360 1111 1459 1171 adul·

300 1220 430 1269 terorum
443 1210 562 1289 flagitiis
575 1215 745 1273 versabatur
758 1215 901 1294 inprimis.
943 1215 1084 1275 Prodibat
1096 1216 1135 1273 ab
1147 1214 1240 1274 altera
1258 1222 1343 1291 parte
1356 1210 1459 1271 cultus

297 1312 409 1371 muter
432 1334 500 1373 cum
524 1316 629 1379 collido
651 1326 749 1397 nupto,
773 1320 812 1377 ab
831 1317 923 1377 altera
941 1295 1043 1379 sulus:
1062 1316 1115 1386 uir,
1139 1316 1191 1394 qui
1218 1314 1348 1374 ludibrio
1370 1324 1457 1375 esset

308 1416 450 1477 adulterae
464 1419 548 1477 uxori
561 1431 592 1480 et
610 1419 714 1499 quevis
734 1422 800 1501 ejus
812 1422 919 1482 astutia
932 1422 1074 1501 deeeptus
1086 1420 1199 1500 populo
1212 1418 1455 1479 cachinnos-mo·

296 1530 387 1579 veret
408 1540 436 1579 v.
449 1520 506 1581 loe.
519 1521 600 1581 class.
616 1522 706 1581 Ovid.
722 1522 811 1583 Trist
829 1524 872 1593 ΙΙ,
887 1531 946 1594 497
961 1544 1022 1603 seq.
1065 1525 1223 1585 Personam
1238 1520 1345 1579 ιιιαοΙιί
1360 1519 1452 1579 Lati-

296 1642 353 1681 nus
366 1623 505 1683 sustinuit
524 1624 699 1703 imperatore
719 1625 901 1686 Domitiano.
921 1648 950 1684 v.
965 1629 1048 1689 Suet.
1063 1626 1152 1684 Dom.
1166 1645 1193 1684 c.
1209 1631 1256 1684 15.
1271 1634 1301 1683 et
1316 1622 1453 1681 Martial.

296 1723 321 1793 Ι,
338 1732 365 1783 5.
408 1724 478 1797 Quo
496 1724 623 1803 pertinet
636 1725 851 1787 altera‘mentio
870 1728 971 1787 Latini
990 1728 1072 1807 apud
1093 1728 1235 1787 Nostrum
1255 1726 1314 1784 Set.
1331 1724 1388 1794 VI,
1404 1732 1445 1783 41

294 1832 385 1885 -44.
431 1824 508 1892 Quid
516 1826 592 1902 fieri
604 1845 657 1885 nou
676 1847 759 1905 posse
767 1828 1072 1906 putes—meschonem
1086 1825 1390 1892 notissimus-Quen
1404 1832 1453 1881 to-

294 1924 345 1983 ties
357 1923 424 1983 terit
436 1922 558 2003 perituri
571 1922 642 1983 cista
657 1924 758 1983 Latini
770 1926 788 1984 9
819 1927 950 1999 Constat,
966 1928 996 1985 in
1011 1926 1057 1985 his
1070 1926 1141 1985 item
1150 1926 1190 1985 ad
1204 1926 1329 1984 mimum
1341 1922 1452 1982 alludi.

296 2026 395 2095 Addo,
424 2024 463 2085 sd
489 2027 637 2087 mimicam
664 2027 789 2087 eandem
816 2029 970 2099 actionem,
1000 2040 1065 2089 tum
1079 2028 1220 2087 ’maxime
1243 2028 1451 2107 conspicuam,

293 2128 413 2205 quando
427 2128 576 2195 Latinum,
591 2140 689 2207 partes
702 2128 829 2188 adulteri
843 2142 990 2208 agentem,
1005 2129 1152 2209 Thymele
1164 2132 1220 2189 sub
1233 2148 1356 2207 persone
1365 2147 1449 2186 uxo·-

292 2226 343 2294 ris‚
358 2228 464 2285 marito
479 2228 616 2307 zelotypo
630 2227 865 2305 superveniente,
880 2228 912 2287 in
921 2248 989 2288 arou
999 2228 1147 2288 inclusum
1158 2226 1363 2287 abscondebat.
1396 2226 1449 2283 At

293 2326 365 2385 cista
379 2328 477 2387 [utini
487 2328 620 2407 perituri,
641 2329 695 2389 etsi
709 2329 748 2387 ad
761 2348 880 2389 sensum
893 2341 962 2408 apte
975 2328 1117 2409 explicari
1128 2329 1198 2398 scio,
1218 2327 1261 2387 sie
1273 2338 1373 2385 tamen
1385 2326 1446 2384 mi-

291 2446 348 2487 uus
360 2429 550 2506 grammatice
565 2428 677 2489 dietum
691 2430 786 2488 videri
799 2430 897 2489 debet
940 2431 1024 2510 Lego
1037 2433 1153 2510 itaque:
1179 2429 1266 2498 Quem
1279 2428 1358 2487 toties
1372 2422 1445 2487 terit

288 2531 402 2611 perjuri
423 2532 492 2591 cista
510 2531 616 2591 Latini.
658 2530 777 2595 Scilicet
799 2542 896 2611 poeta,
920 2552 977 2610 pro
996 2553 1031 2591 eo
1054 2552 1146 2602 more,
1167 2551 1228 2611 quo
1249 2529 1356 2590 Satires
1371 2529 1445 2587 Vir-

292 2634 409 2710 gilianis
430 2635 528 2694 verbis
548 2655 583 2694 ao
602 2635 789 2704 dictionibus,
812 2635 942 2713 parodise
962 2636 1054 2694 instar
1073 2635 1206 2701 inversis,
1228 2653 1308 2712 saepe
1321 2631 1444 2691 condire

292 2733 374 2803 solet,
391 2735 592 2796 Maronianem
612 2757 713 2798 versus
732 2713 900 2798 clausulam·
912 2735 979 2794 AEn
994 2735 1037 2806 11,
1055 2743 1121 2805 195.
1136 2746 1166 2795 et
1181 2735 1219 2804 V,
1235 2741 1304 2793 811.
1320 2734 1443 2812 (perju-

291 2833 370 2916 rique
389 2843 452 2894 arte
477 2835 591 2895 Sinonis
611 2848 641 2897 et
661 2839 790 2917 perjures
808 2836 908 2895 meniu
933 2835 963 2894 T
959 2835 1029 2912 rojoe
1028 2838 1049 2909 )
1068 2853 1152 2893 suam
1165 2834 1243 2918 feeit
1284 2834 1370 2890 Coos.
1385 2833 1442 2890 inf.

290 2935 329 2994 ad
349 2955 377 2992 v.
395 2934 461 3006 169.
501 2936 570 2995 Jam
591 2937 683 3015 igitur
704 2948 738 2997 ut
757 2936 890 2995 mochum
909 2935 1058 3014 perjurum
1082 2933 1145 3011 egit
1164 2931 1298 2999 Iatinus,
1322 2930 1365 2989 sio
1384 2929 1442 2988 ali-

291 3038 410 3118 quando
425 3039 547 3098 Roscius
567 3037 797 3120 improbissimum
818 3047 846 3098 et
860 3036 1088 3118 perjun'ssisnum
1107 3035 1228 3094 ieaouun
1247 3044 1441 3128 repraesenta·

290 3154 373 3218 verat
386 3143 416 3201 in
431 3163 517 3202 soene
530 3153 605 3203 teste
618 3142 677 3202 eie
692 3163 748 3224 pro
762 3145 849 3202 Rosc.
865 3141 948 3200 Com
963 3161 988 3200 c·
1003 3147 1031 3206 7·
1062 3139 1152 3207 Quod
1164 3157 1260 3226 3111111
1273 3136 1440 3207 hominum,

290 3243 483 3320 turpitudinis
505 3244 624 3305 vinculo
643 3245 720 3306 inter
741 3265 772 3304 se
790 3245 941 3324 junctum,
965 3253 1046 3302 recte
1068 3243 1157 3302 etiam
1175 3241 1315 3320 jungitur
1333 3240 1438 3298 eadem

290 3351 362 3399 nota
376 3340 517 3418 epitheti3
538 3355 567 3402 et
581 3344 691 3406 ibidem
705 3352 803 3402 orator
818 3342 938 3422 perjuro
950 3349 1057 3400 cunum
1077 3339 1209 3420 opponit,
1233 3351 1269 3398 ut
1287 3349 1437 3416 appareat,

290 3459 350 3516 qua
371 3437 455 3498 illum
480 3439 690 3517 significatione
713 3442 828 3501 dictum
849 3440 978 3500 voluerit
1000 3439 1135 3526 intelligi.
1176 3437 1438 3511 Quemadmodum

289 3549 388 3599 autem
401 3541 431 3600 h.
446 3541 465 3600 l.
480 3542 617 3602 Juvenali
631 3544 720 3606 ludus
739 3545 872 3605 scenicus
891 3545 1111 3616 obversabatur,
1131 3544 1173 3602 itu
1194 3541 1336 3601 Horatius
1355 3539 1437 3600 idem

290 3639 451 3700 ludibrium
474 3641 557 3700 mimi
581 3646 709 3722 respexit
732 3647 825 3706 Serm.
848 3642 890 3713 ΙΙ,
914 3650 944 3712 7,
965 3641 1096 3711 59-61.
1137 3641 1285 3700 Nimirum
1301 3639 1359 3698 hoc
1370 3638 1436 3717 ipse

276 3759 408 3818 ¹quoque
423 3751 604 3820 spectaverat
617 3741 648 3800 in
662 3742 787 3814 theatro,
807 3751 838 3802 et
850 3746 923 3800 'non'
938 3741 1037 3799 minus
1057 3749 1221 3817 spectatum
1240 3739 1380 3798 &mauis
1391 3737 1436 3796 sic

291 3827 372 3898 velut
384 3838 543 3898 alludendo
555 3851 670 3919 poterat
684 3859 922 3900 commemorare.
930 3873 973 3886 —
983 3837 1139 3908 Adultera,
1159 3832 1288 3898 secundo
1299 3853 1434 3916 persona,

289 3942 394 4002 callida
410 3942 514 4001 mulier
527 3953 616 4022 atque
630 3945 661 4002 in
675 3943 790 4003 technis
801 3964 837 4005 sc
850 3944 926 4003 dolis
946 3941 1093 4002 struendis
1112 3942 1234 4002 artifex:
1259 3962 1328 4020 quse
1340 3958 1435 4018 quum

288 4039 414 4111 timeret,
428 4061 466 4100 ne
479 4043 611 4113 maritus,
630 4041 735 4100 certior
748 4041 853 4111 factos,
874 4041 1048 4120 flagitiosam
1061 4038 1215 4117 perfidiam
1228 4040 1332 4098 aoerbe
1345 4035 1434 4094 ulcis-

289 4151 412 4209 curetur,
434 4140 519 4200 illum
533 4141 760 4220 aggrediebatur
778 4139 966 4211 blandiendo,
986 4150 1021 4198 ut
1034 4137 1182 4217 placaret;
1204 4148 1263 4203 aut,
1286 4136 1309 4194 si
1329 4133 1434 4203 mavis,

288 4237 377 4296 missa
404 4243 442 4299 ab
465 4240 599 4302 adultero
626 4240 664 4300 ad
678 4239 858 4307 delatorem,
887 4251 1004 4298 servum
1027 4237 1075 4297 vel
1102 4225 1194 4296 alitun
1217 4229 1434 4313 quemcunque,

290 4359 379 4418 quem
399 4341 559 4415 blanditiis,
582 4342 675 4413 donis,
696 4341 799 4421 gratia,
822 4343 1043 4419 commitigsret
1084 4343 1222 4400 Ceterum
1243 4359 1278 4398 ea
1296 4337 1436 4396 ominbus

288 4435 388 4500 modis
398 4442 486 4500 verbu
500 4443 551 4503 dut
564 4441 730 4501 miserendo
743 4439 841 4518 capiti,
856 4459 992 4518 quumque
1001 4438 1112 4517 fefellit
1134 4457 1233 4496 omaus
1246 4436 1343 4516 ulique
1357 4433 1434 4493 nori-

552 4551 568 4593 u
