3100 5250
14 8 174 269 Γ

88 712 138 772 ³9.
222 703 344 775 decolor,
367 703 475 775 fuscus,
495 724 531 764 ex
554 704 691 785 AEthiope
711 716 793 787 patre
815 716 845 765 et
864 714 957 765 matre
978 704 1108 763 Ronmna
1128 712 1233 776 natus;

84 820 185 877 quum
206 812 242 861 tu
263 802 305 861 eis
328 801 417 861 albus.
467 800 537 863 601.
560 803 692 884 Impleret
715 803 828 863 tabulae
850 801 1026 871 testamenti,
1051 800 1079 859 b.
1102 821 1128 860 e.
1149 801 1233 862 heres

84 901 169 961 solua
183 903 235 963 vel
249 924 289 963 ex
302 924 373 976 asse,
389 904 471 983 jussu
486 906 561 965 sorte
575 906 684 977 uxoris,
699 906 894 977 scriberetur3
916 904 996 984 quod
1007 922 1069 963 nou
1081 902 1179 962 minus
1194 905 1233 963 ad

81 1003 264 1080 sugendam
276 1003 320 1063 rei
334 1003 531 1082 indignitatem
547 1004 633 1065 valet.
675 1005 721 1068 cf.
740 1004 780 1065 ad
799 1026 826 1065 r.
840 1010 909 1065 218.
923 1016 953 1063 et
967 1003 1009 1075 ll,
1024 1008 1072 1062 58.
1152 1022 1232 1062 aare·

78 1118 181 1176 quam
206 1100 259 1160 tr'lri
278 1120 355 1159 marre
372 1100 512 1171 ridendas,
535 1102 620 1181 eujus
642 1112 816 1181 conspectus
834 1097 1029 1179 marsusque
1052 1099 1107 1159 tibi
1131 1098 1234 1159 sedulo

78 1200 239 1261 vitandus
252 1215 302 1272 est,
322 1212 469 1281 tamquam
482 1202 592 1262 malurn
606 1224 700 1263 omen.
726 1198 728 1201 ’
744 1196 904 1263 Facerem
918 1200 1152 1282 superstitionem
1165 1202 1233 1261 rul-

81 1316 198 1374 garern
212 1298 243 1357 in
256 1318 317 1357 mm
332 1318 413 1357 susm
427 1300 571 1361 convertit
584 1312 679 1379 poeta,
694 1310 728 1361 ut
741 1321 768 1359 v.
785 1308 853 1367 572.
867 1298 937 1359 655.
951 1299 1020 1359 656.
1033 1309 1063 1359 et
1076 1298 1114 1369 V,
1129 1306 1178 1358 54.
1192 1300 1231 1358 sd

82 1414 159 1472 qam
182 1395 247 1455 loca
259 1414 286 1453 v.
301 1406 361 1455 not
443 1416 525 1455 marra
530 1418 544 1463 ,-
566 1416 633 1457 naru
649 1398 763 1477 species·
772 1416 857 1456 noroe
869 1406 901 1457 et
913 1395 1037 1457 insolitae
1049 1396 1092 1454 rei
1105 1396 1231 1457 maxime

86 1494 121 1550 in
135 1512 225 1552 ornen
237 1504 267 1553 et
280 1493 359 1553 diras
373 1496 549 1567 vertebatur,
565 1496 588 1555 si
602 1495 650 1554 vel
663 1495 758 1555 multo
771 1512 858 1554 mane
870 1504 900 1553 et
913 1494 1033 1553 omniuo
1045 1495 1102 1554 sub
1114 1495 1232 1555 exordia

86 1613 196 1653 rerum
209 1595 412 1675 gerendarum,
425 1596 482 1666 vel,
496 1606 531 1656 ut
542 1597 581 1668 V,
597 1604 645 1669 54,
656 1618 709 1677 per
722 1597 839 1657 mediam
853 1604 954 1656 nerem
969 1596 1129 1656 offerretur.
1143 1598 1179 1635 ¹⁸⁹

136 1694 305 1767 fiae-eoo.
326 1698 476 1758 Notantur
494 1698 631 1758 mulieres
652 1698 756 1758 diuites
774 1698 956 1777 nobilesque,
977 1718 1045 1777 quse
1065 1700 1232 1779 appositor,

88 1794 123 1852 b.
138 1814 165 1853 e.
181 1794 292 1867 notbos,
306 1795 432 1875 spurios,
447 1796 616 1859 subditicios
633 1818 656 1858 s.
677 1796 840 1859 subditivos
853 1816 961 1877 pueros
973 1797 1085 1858 maritis
1104 1817 1159 1876 pra
1172 1800 1232 1859 suis

88 1892 265 1953 obmadunt
319 1929 321 1937 ·
350 1895 486 1965 Transeo,
505 1905 646 1974 praetereo
659 1895 783 1966 silentio,
800 1897 864 1975 jam
884 1894 1177 1967 nibildeiisdienm,
1197 1906 1232 1956 ut

89 1994 131 2064 X,
146 2002 216 2061 273.
297 1996 407 2075 gaudia
420 2009 538 2077 patrum
552 1998 590 2058 de
602 1998 711 2072 liberis,
726 2008 756 2059 st
769 2007 831 2057 rota
844 2016 956 2069 eorum,
977 2000 1087 2078 quippe
1100 2001 1154 2079 qui
1167 2020 1231 2060 om-

89 2097 182 2157 nibus
194 2097 269 2159 rotis
282 2100 474 2177 expetierant,
495 2113 529 2160 ut
543 2101 598 2161 edri
612 2110 800 2162 nascerentur
813 2099 866 2159 filii
877 2122 887 2172 ς
908 2101 961 2161 sed
973 2108 1122 2181 uota-sepe
1134 2103 1232 2183 decep·

90 2206 135 2269 a,
156 2220 225 2279 que
244 2201 282 2260 u
300 2180 417 2262 finium
431 2201 598 2264 euenum
611 2204 651 2263 aa
668 2222 785 2282 ,pareo
796 2202 863 2261 ruo.
875 2202 963 2272 um,
984 2202 1036 2262 uu
1055 2202 1126 2261 oum
1145 2203 1231 2263 uben

90 2320 201 2361 recens
218 2302 277 2363 uati
294 2306 534 2383 exponebantur:
555 2326 592 2364 ex
610 2304 658 2364 his
677 2305 756 2364 enim
776 2303 915 2382 expositio
934 2292 1096 2363 infantibus
1114 2304 1227 2365 nobiles

91 2404 265 2485 sterilesque
276 2418 418 2468 matrouae
429 2408 649 2468 formosissimae
658 2407 799 2486 petebant,
807 2406 1070 2485 supponebautque
1081 2425 1138 2485 pro
1151 2406 1229 2478 suis;

90 2508 123 2567 bi
139 2520 240 2571 autem
260 2510 353 2590 spurii
372 2522 403 2572 et
422 2511 579 2573 adulterini
598 2511 639 2570 ita
651 2508 774 2569 mirifico
787 2528 822 2568 se
834 2528 911 2568 caeco
924 2526 993 2568 essu
1011 2510 1043 2567 in
1057 2507 1228 2570 Scaurorum

89 2608 121 2669 b.
138 2631 166 2669 e.
190 2608 335 2670 nobilium
355 2610 495 2670 familiam
516 2610 730 2691 recipiebantur
753 2618 784 2669 et
803 2607 841 2668 sd
865 2628 993 2668 summos
1013 2608 1229 2669 adscendebant

89 2713 235 2774 bonores.
274 2715 370 2774 biberi
383 2715 480 2797 itaque
492 2725 598 2793 patres,
612 2713 724 2778 fraudis
738 2713 830 2792 hujus
841 2710 992 2772 muliebria
1005 2709 1110 2789 ignari,
1125 2711 1230 2773 uotbos

89 2811 174 2872 filios
187 2833 245 2892 pra
255 2813 313 2874 suis
326 2813 442 2874 alebant
453 2813 585 2893 falsoque
598 2812 781 2872 ducebantur
790 2809 905 2890 gaudio,
920 2810 1082 2888 etquidem
1095 2829 1176 2890 aoepe.
1188 2841 1230 2862 -ι

90 2909 167 2969 605.
189 2910 294 2990 Sparsi
305 2911 381 2973 lacus
395 2913 447 2993 qui
461 2913 529 2983 sint,
549 2931 609 2971 non
622 2912 691 2972 satis
704 2909 776 2969 mihi
790 2908 891 2988 liquet
933 2907 1119 2987 interpretes,
1140 2918 1229 2987 quot-

90 3021 166 3088 quot
179 3010 252 3084 ridi,
274 3011 321 3071 rel
341 3011 478 3072 lectorem
498 3011 537 3071 ad
555 3011 626 3070 alios
639 3009 792 3070 remittunt
805 3019 835 3068 et
848 3006 970 3087 quidem
984 3005 1024 3066 ad
1044 3005 1179 3066 Perrhae,
1193 3007 1231 3067 de

91 3109 151 3167 reb
171 3129 229 3188 per
249 3109 335 3190 epist
357 3111 444 3190 quusi
466 3111 522 3190 Ep.
536 3115 586 3170 28.
605 3119 635 3169 et
654 3108 747 3189 Alph.
767 3108 805 3168 de
825 3103 1060 3167 CsmmaMine.
1079 3103 1118 3163 de
1137 3103 1228 3164 Partu

91 3229 117 3268 α
132 3211 185 3270 lV.
205 3223 277 3273 sect.
292 3221 322 3274 2.
343 3234 373 3293 p
388 3221 457 3284 359,
477 3234 548 3295 quos
568 3212 704 3292 equidem
718 3208 868 3273 consulere
881 3229 940 3268 non
953 3208 1047 3287 potui,
1068 3207 1115 3266 vel
1124 3203 1230 3286 'deog-

90 3313 155 3372 mri
177 3325 289 3393 putant
311 3313 410 3375 laeum
433 3313 649 3385 Velabrensem,
673 3314 712 3372 sd
734 3313 846 3372 radices
868 3309 976 3371 montis
999 3307 1156 3378 Aventini,
1177 3309 1230 3368 ubi

92 3410 201 3471 eloaeoe
218 3411 313 3490 (unde
335 3411 367 3471 b.
381 3412 401 3470 l.
418 3415 545 3492 spurcos)
567 3411 767 3472 confluxerint.
809 3413 961 3468 Aruerno
980 3415 1113 3466 veterum
1136 3407 1228 3487 scrip-

92 3521 207 3583 tarum,
226 3514 303 3592 quod
323 3514 423 3583 nciam,
443 3514 532 3593 hujus
551 3513 641 3584 heus,
661 3512 771 3572 nedum
791 3511 950 3569 liberorum
965 3507 1006 3567 ibi
1020 3507 1227 3588 expositorum,

93 3613 276 3674 mentionem
295 3616 374 3678 feeit.
415 3619 536 3680 Constat
554 3616 661 3696 potius,
685 3617 785 3675 Romae
804 3611 929 3673 infantes
940 3628 1051 3672 ‘reeens
1064 3623 1147 3672 ustos
1166 3613 1228 3692 ple-

91 3731 229 3791 rumque
240 3714 381 3791 expositos
393 3713 482 3774 fuisse
495 3714 533 3772 ad
546 3714 711 3774 columnam
724 3709 873 3772 beatiam
885 3708 917 3769 in
930 3711 995 3770 faro
1007 3709 1131 3770 olitorio.
1159 3709 1228 3769 Hoc

90 3825 202 3875 autern
221 3815 311 3876 sorum
330 3817 390 3878 ruit
411 3817 612 3896 propinquum
631 3815 724 3875 monti
748 3811 914 3892 Capitolino
935 3823 965 3873 et
984 3812 1131 3881 Velabro,¹
1152 3812 1182 3868 h.
1203 3830 1229 3869 e·

87 3919 232 3999 planitiei
256 3920 330 3980 inter
357 3919 564 3999 Capitolinum,
593 3919 774 3980 Aventinum
800 3917 838 3976 et'
858 3915 1021 3976 Palatinum
1047 3925 1170 3982 montes,
1198 3913 1230 3971 in

85 4041 183 4106 quam
196 4043 272 4103 nepe
284 4013 455 4084 exundabat
468 4021 591 4098 Tiberis,
605 4042 730 4105 quaeque
743 4019 848 4081 cloacis
861 4017 892 4079 in
905 4018 984 4079 hunc
996 4017 1120 4078 fluvium
1133 4015 1229 4077 ductis

447 528 499 595 IN
520 526 694 597 JUVEN:
707 529 806 598 SAT.
829 532 888 599 VI.
1169 536 1232 595 295

118 4246 147 4278 '¹'
174 4247 328 4296 Ascensius:
358 4253 378 4280 “
396 4247 530 4298 Credebant
550 4257 645 4304 veteres,
676 4249 902 4312 ‚rememorem
920 4247 1225 4307 superemmens.

84 4313 160 4376 qood,
180 4329 240 4376 quse
257 4313 337 4376 pruna
351 4312 458 4364 riderent
472 4324 515 4364 aut
532 4313 647 4368 audirem,
682 4313 753 4364 ovid.
779 4311 842 4360 Fert.
866 4311 889 4369 1,
913 4314 959 4361 178
1022 4345 1028 4357 .
1071 4307 1111 4356 ct
1136 4306 1228 4370 Heynii

84 4377 649 4443 iorumlucisqualitsaemprndisereumunde
682 4379 771 4441 opusc.
796 4377 910 4426 Academ.
935 4375 966 4423 T.
994 4371 1047 4423 11.
1067 4387 1091 4436 p.
1112 4376 1160 4419 mo
1177 4387 1225 4434 seq.

84 4443 207 4492 salutandi
244 4459 300 4492 mos
337 4455 441 4507 mortua,
477 4459 527 4510 quo
557 4447 649 4494 bonum
682 4445 732 4494 Cic.
748 4443 804 4492 Dir.
819 4441 842 4501 1,
853 4448 884 4492 45
894 4455 942 4505 seq.
960 4439 1024 4489 Plio.
1039 4437 1209 4495 muna

85 4527 156 4558 mae
172 4509 268 4573 cuique
284 4511 425 4560 rovemua''
460 4512 648 4574 aninaprincr·
1184 4509 1189 4518 '

646 4573 816 4648 Μ’
